@incollection{sasioglu_dftu_2014,
	title = {{DFT}+{U} method and ab-initio determination of the {Coulomb} interaction parameter {U}},
	booktitle = {Lecture {Notes} of the 45th {IFF} {Spring} {School} “{Computing} {Solids} - {Models}, ab initio methods and supercomputing”},
	publisher = {Forschungszentrum J\"ulich, 2014},
	author = {\c{S}a\c{s}{\i}o\v{g}lu, Ersoy},
       year={2014}
}

@article{hansmann_long-range_2013,
	title = {Long-{Range} {Coulomb} {Interactions} in {Surface} {Systems}: {A} {First}-{Principles} {Description} within {Self}-{Consistently} {Combined} {G} {W} and {Dynamical} {Mean}-{Field} {Theory}},
	volume = {110},
	issn = {0031-9007, 1079-7114},
	shorttitle = {Long-{Range} {Coulomb} {Interactions} in {Surface} {Systems}},
	url = {http://link.aps.org/doi/10.1103/PhysRevLett.110.166401},
	doi = {10.1103/PhysRevLett.110.166401},
	language = {en},
	number = {16},
	urldate = {2016-02-01},
	journal = {Physical Review Letters},
	author = {Hansmann, P. and Ayral, T. and Vaugier, L. and Werner, P. and Biermann, S.},
	month = apr,
	year = {2013},
	file = {Hansmann et al. - 2013 - Long-Range Coulomb Interactions in Surface Systems.pdf:/home/takao/paper/storage/JARFXUSI/Hansmann et al. - 2013 - Long-Range Coulomb Interactions in Surface Systems.pdf:application/pdf}
}

@article{schuler_optimal_2013,
  title = {Optimal Hubbard Models for Materials with Nonlocal Coulomb Interactions: Graphene, Silicene, and Benzene},
  author = {Sch\"uler, M. and R\"osner, M. and Wehling, T. O. and Lichtenstein, A. I. and Katsnelson, M. I.},
  journal = {Phys. Rev. Lett.},
  volume = {111},
  issue = {3},
  pages = {036601},
  numpages = {5},
  year = {2013},
  month = {Jul},
  publisher = {American Physical Society},
  doi = {10.1103/PhysRevLett.111.036601},
  url = {http://link.aps.org/doi/10.1103/PhysRevLett.111.036601}
}


@article{werner_dynamical_2015,
	title = {Dynamical screening in {La} 2 {CuO} 4},
	volume = {91},
	issn = {1098-0121, 1550-235X},
	url = {http://link.aps.org/doi/10.1103/PhysRevB.91.125142},
	doi = {10.1103/PhysRevB.91.125142},
	language = {en},
	number = {12},
	urldate = {2015-08-24},
	journal = {Physical Review B},
	author = {Werner, Philipp and Sakuma, Rei and Nilsson, Fredrik and Aryasetiawan, Ferdi},
	month = mar,
	year = {2015},
	file = {Werner et al. - 2015 - Dynamical screening in La 2 CuO 4.pdf:/home/takao/paper/storage/TTHS7TKU/Werner et al. - 2015 - Dynamical screening in La 2 CuO 4.pdf:application/pdf}
}

@article{deguchi2016,
  author={Daiki Deguchi and Kazunori Sato and Hiori Kino and Takao Kotani},
  title={Accurate energy bands calculated by the hybrid quasiparticle self-consistent GW method implemented in the ecalj package},
  journal={Japanese Journal of Applied Physics},
  volume={55},
  number={5},
  pages={051201},
  url={http://stacks.iop.org/1347-4065/55/i=5/a=051201},
  year={2016},
  abstract={We have recently implemented a new version of the quasiparticle self-consistent GW (QSGW) method in the ecalj package released at http://github.com/tkotani/ecalj [http://github.com/tkotani/ecalj] . Since the new version of the ecalj package is numerically stable and more accurate than the previous versions, we can perform calculations easily without being bothered with tuning input parameters. Here we examine its ability to describe energy band properties, e.g., band-gap energy, eigenvalues at special points, and effective mass, for a variety of semiconductors and insulators. We treat C, Si, Ge, Sn, SiC (in 2H, 3C, and 4H structures), (Al, Ga, In) × (N, P, As, Sb), (Zn, Cd, Mg) × (O, S, Se, Te), SiO 2 , HfO 2 , ZrO 2 , SrTiO 3 , PbS, PbTe, MnO, NiO, and HgO. We propose that a hybrid QSGW method, where we mix 80% of QSGW and 20% of LDA, gives universally good agreement with experiments for these materials.}
}
	

@article{biermann_first-principles_2003,
	title = {First-{Principles} {Approach} to the {Electronic} {Structure} of {Strongly} {Correlated} {Systems}: {Combining} the {G} {W} {Approximation} and {Dynamical} {Mean}-{Field} {Theory}},
	volume = {90},
	issn = {0031-9007, 1079-7114},
	shorttitle = {First-{Principles} {Approach} to the {Electronic} {Structure} of {Strongly} {Correlated} {Systems}},
	url = {http://link.aps.org/doi/10.1103/PhysRevLett.90.086402},
	doi = {10.1103/PhysRevLett.90.086402},
	language = {en},
	number = {8},
	urldate = {2016-02-15},
	journal = {Physical Review Letters},
	author = {Biermann, S. and Aryasetiawan, F. and Georges, A.},
	month = feb,
	year = {2003},
	file = {PhysRevLett.90.086402.pdf:/home/takao/paper/storage/UIZ32UI9/PhysRevLett.90.086402.pdf:application/pdf}
}

@article{miyake_ab_2009,
	title = {\textit{{Ab} initio} procedure for constructing effective models of correlated materials with entangled band structure},
	volume = {80},
	issn = {1098-0121, 1550-235X},
	url = {http://link.aps.org/doi/10.1103/PhysRevB.80.155134},
	doi = {10.1103/PhysRevB.80.155134},
	language = {en},
	number = {15},
	urldate = {2016-02-15},
	journal = {Physical Review B},
	author = {Miyake, Takashi and Aryasetiawan, Ferdi and Imada, Masatoshi},
	month = oct,
	year = {2009},
	file = {PhysRevB.80.155134.pdf:/home/takao/paper/storage/4WVU8R2F/PhysRevB.80.155134.pdf:application/pdf}
}
@article{aryasetiawan_frequency-dependent_2004,
	title = {Frequency-dependent local interactions and low-energy effective models from electronic structure calculations},
	volume = {70},
	issn = {1098-0121, 1550-235X},
	url = {http://link.aps.org/doi/10.1103/PhysRevB.70.195104},
	doi = {10.1103/PhysRevB.70.195104},
	language = {en},
	number = {19},
	urldate = {2016-02-15},
	journal = {Physical Review B},
	author = {Aryasetiawan, F. and Imada, M. and Georges, A. and Kotliar, G. and Biermann, S. and Lichtenstein, A. I.},
	month = nov,
	year = {2004},
	file = {PhysRevB.70.195104.pdf:/home/takao/paper/storage/W3Q9VV34/PhysRevB.70.195104.pdf:application/pdf}
}

@incollection{di_valentin_spin_2014,
	address = {Berlin, Heidelberg},
	title = {Spin {Excitations} in {Solids} from {Many}-{Body} {Perturbation} {Theory}},
	volume = {347},
	isbn = {978-3-642-55067-6 978-3-642-55068-3},
	url = {http://link.springer.com/10.1007/128_2013_518},
	urldate = {2016-01-12},
	booktitle = {First Principles Approaches to Spectroscopic Properties of Complex Materials},
	publisher = {Springer Berlin Heidelberg},
	author = {Friedrich, Christoph and \c{S}a\c{s}{\i}o\v{g}lu, Ersoy and M\"{u}ller, Mathias and Schindlmayr, Arno and Bl\"{u}gel, Stefan},
	editor = {Di Valentin, Cristiana and Botti, Silvana and Cococcioni, Matteo},
	year = {2014},
	pages = {259--301},
	file = {Friedrich et al. - 2014 - Spin Excitations in Solids from Many-Body Perturba.pdf:/home/takao/paper/storage/TPMI36WS/Friedrich et al. - 2014 - Spin Excitations in Solids from Many-Body Perturba.pdf:application/pdf}
}


@article{lichtenstein_ab_1998,
	title = {Ab initio calculations of quasiparticle band structure in correlated systems: {LDA}++ approach},
	volume = {57},
	shorttitle = {Ab initio calculations of quasiparticle band structure in correlated systems},
	url = {http://journals.aps.org/prb/abstract/10.1103/PhysRevB.57.6884},
	number = {12},
	urldate = {2016-01-24},
	journal = {Physical Review B},
	author = {Lichtenstein, A. I. and Katsnelson, M. I.},
	year = {1998},
	pages = {6884},
	file = {Lichtenstein and Katsnelson - 1998 - Ab initio calculations of quasiparticle band struc.pdf:/home/takao/paper/storage/DHW6HHXK/Lichtenstein and Katsnelson - 1998 - Ab initio calculations of quasiparticle band struc.pdf:application/pdf}
}
@article{sasioglu_effective_2011,
	title = {Effective {Coulomb} interaction in transition metals from constrained random-phase approximation},
	volume = {83},
	issn = {1098-0121, 1550-235X},
	url = {http://link.aps.org/doi/10.1103/PhysRevB.83.121101},
	doi = {10.1103/PhysRevB.83.121101},
	language = {en},
	number = {12},
	urldate = {2015-01-24},
	journal = {Physical Review B},
	author = {\c{S}a\c{s}{\i}o\v{g}lu, Ersoy and Friedrich, Christoph and Bl\"{u}gel, Stefan},
	month = mar,
	year = {2011},
	file = {\UTF{015E}a\UTF{015F}\UTF{0131}o\UTF{011F}lu et al. - 2011 - Effective Coulomb interaction in transition metals.pdf:/home/takao/paper/storage/FPRN5M85/\UTF{015E}a\UTF{015F}\UTF{0131}o\UTF{011F}lu et al. - 2011 - Effective Coulomb interaction in transition metals.pdf:application/pdf}
}
@article{kocevski_first-principles_2015,
	title = {First-principles study of the influence of different interfaces and core types on the properties of {CdSe}/{CdS} core-shell nanocrystals},
	volume = {5},
	issn = {2045-2322},
	url = {http://www.nature.com/doifinder/10.1038/srep10865},
	doi = {10.1038/srep10865},
	urldate = {2015-09-10},
	journal = {Scientific Reports},
	author = {Kocevski, V. and Rusz, J. and Eriksson, O. and Sarma, D.D.},
	month = jun,
	year = {2015},
	pages = {10865},
	file = {Kocevski et al. - 2015 - First-principles study of the influence of differe.pdf:/home/takao/paper/storage/WVXM7T5B/Kocevski et al. - 2015 - First-principles study of the influence of differe.pdf:application/pdf}
}

@article{ryee2016a,
  title = {Quasiparticle self-consistent GW calculation of ${\mathrm{Sr}}_{2}{\mathrm{RuO}}_{4}$ and ${\mathrm{SrRuO}}_{3}$},
  author = {Ryee, Siheon and Jang, Seung Woo and Kino, Hiori and Kotani, Takao and Han, Myung Joon},
  journal = {Phys. Rev. B},
  volume = {93},
  issue = {7},
  pages = {075125},
  numpages = {8},
  year = {2016},
  month = {Feb},
  publisher = {American Physical Society},
  doi = {10.1103/PhysRevB.93.075125},
  url = {http://link.aps.org/doi/10.1103/PhysRevB.93.075125}
}


@article{klimes_predictive_2014,
  title = {Predictive $GW$ calculations using plane waves and pseudopotentials},
  author = {Klime\ifmmode \check{s}\else \v{s}\fi{}, Ji\ifmmode \check{r}\else \v{r}\fi{}\'{\i} and Kaltak, Merzuk and Kresse, Georg},
  journal = {Phys. Rev. B},
  volume = {90},
  issue = {7},
  pages = {075125},
  numpages = {15},
  year = {2014},
  month = {Aug},
  publisher = {American Physical Society},
  doi = {10.1103/PhysRevB.90.075125},
  url = {http://link.aps.org/doi/10.1103/PhysRevB.90.075125}
}


@book{handbook,
	address = {Heidelberg ; New York},
	title = {Springer handbook of condensed matter and materials data},
	isbn = {978-3-540-44376-6},
	publisher = {Springer},
	editor = {Martienssen, W. and Warlimont, Hans},
	year = {2005},
	keywords = {Condensed matter}
}

@article{van_benthem_bulk_2001,
	title = {Bulk electronic structure of {SrTiO}[sub 3]: {Experiment} and theory},
	volume = {90},
	issn = {00218979},
	shorttitle = {Bulk electronic structure of {SrTiO}[sub 3]},
	url = {http://scitation.aip.org/content/aip/journal/jap/90/12/10.1063/1.1415766},
	doi = {10.1063/1.1415766},
	language = {en},
	number = {12},
	urldate = {2015-11-09},
	journal = {Journal of Applied Physics},
	author = {van Benthem, K. and Els\UTF{00E4}sser, C. and French, R. H.},
	year = {2001},
	pages = {6156},
	file = {STO experimental band gap.pdf:/Users/deguchi/Library/Application Support/Zotero/Profiles/i75f05sd.default/zotero/storage/5W6Q5P63/STO experimental band gap.pdf:application/pdf}
}

@article{zakharov_quasiparticle_1994,
	title = {Quasiparticle band structures of six {II}-{VI} compounds: {ZnS}, {ZnSe}, {ZnTe}, {CdS}, {CdSe}, and {CdTe}},
	volume = {50},
	shorttitle = {Quasiparticle band structures of six {II}-{VI} compounds},
	url = {http://journals.aps.org/prb/abstract/10.1103/PhysRevB.50.10780},
	number = {15},
	urldate = {2015-10-25},
	journal = {Physical Review B},
	author = {Zakharov, Oleg and Rubio, Angel and Blase, Xavier and Cohen, Marvin L. and Louie, Steven G.},
	year = {1994},
	pages = {10780},
	file = {ZnOCdS_WZZB.pdf:files/35/ZnOCdS_WZZB.pdf:application/pdf}
}

@article{PSSB:PSSB99994,
author = {Davydov, V.Yu. and Klochikhin, A.A. and Emtsev, V.V. and Ivanov, S.V. and Vekshin, V.V. and Bechstedt, F. and Furthm\UTF{00FC}ller, J. and Harima, H. and Mudryi, A.V. and Hashimoto, A. and Yamamoto, A. and Aderhold, J. and Graul, J. and Haller, E.E.},
title = {Band Gap of InN and In-Rich InxGa1—xN alloys (0.36 < x < 1)},
journal = {physica status solidi (b)},
volume = {230},
number = {2},
publisher = {WILEY-VCH Verlag Berlin GmbH},
issn = {1521-3951},
url = {http://dx.doi.org/10.1002/1521-3951(200204)230:2<R4::AID-PSSB99994>3.0.CO;2-Z},
doi = {10.1002/1521-3951(200204)230:2<R4::AID-PSSB99994>3.0.CO;2-Z},
pages = {R4--R6},
keywords = {78.55.Cr, 78.20.Bh, S7.14},
year = {2002},
}

@article{PSSB:PSSB99991,
  author = {Davydov, V.Yu. and Klochikhin, A.A. and Seisyan, R.P. and Emtsev, V.V. and Ivanov, S.V. and Bechstedt, F. and Furthm\UTF{00FC}ller, J. and Harima, H. and Mudryi, A.V. and Aderhold, J. and Semchinova, O. and Graul, J.},
  title = {Absorption and Emission of Hexagonal InN. Evidence of Narrow Fundamental Band Gap},
  journal = {physica status solidi (b)},
  volume = {229},
  number = {3},
  publisher = {WILEY-VCH Verlag Berlin GmbH},
  issn = {1521-3951},
  url = {http://dx.doi.org/10.1002/1521-3951(200202)229:3<R1::AID-PSSB99991>3.0.CO;2-O},
  doi = {10.1002/1521-3951(200202)229:3<R1::AID-PSSB99991>3.0.CO;2-O},
  pages = {r1--r3},
  keywords = {71.15.\UTF{2013}m, 78.40.Fy, 78.55.Cr, S7.14},
  year = {2002},
}

@article{PhysRev.133.A1163,
  title = {Optical Properties of Cubic SiC: Luminescence of Nitrogen-Exciton Complexes, and Interband Absorption},
  author = {Choyke, W. J. and Hamilton, D. R. and Patrick, Lyle},
  journal = {Phys. Rev.},
  volume = {133},
  issue = {4A},
  pages = {A1163--A1166},
  numpages = {0},
  year = {1964},
  month = {Feb},
  publisher = {American Physical Society},
  doi = {10.1103/PhysRev.133.A1163},
  url = {http://link.aps.org/doi/10.1103/PhysRev.133.A1163}
}

@article{wei_electronic_1997,
	title = {Electronic and structural anomalies in lead chalcogenides},
	volume = {55},
	url = {http://journals.aps.org/prb/abstract/10.1103/PhysRevB.55.13605},
	number = {20},
	urldate = {2015-10-25},
	journal = {Physical Review B},
	author = {Wei, Su-Huai and Zunger, Alex},
	year = {1997},
	pages = {13605},
	file = {Pb(S,Se,Te)bandstruc.pdf:/Users/deguchi/Library/Application Support/Zotero/Profiles/i75f05sd.default/zotero/storage/9VFVQHGJ/Pb(S,Se,Te)bandstruc.pdf:application/pdf}
}

@article{tran_accurate_2009,
	title = {Accurate {Band} {Gaps} of {Semiconductors} and {Insulators} with a {Semilocal} {Exchange}-{Correlation} {Potential}},
	volume = {102},
	issn = {0031-9007, 1079-7114},
	url = {http://link.aps.org/doi/10.1103/PhysRevLett.102.226401},
	doi = {10.1103/PhysRevLett.102.226401},
	language = {en},
	number = {22},
	urldate = {2015-10-25},
	journal = {Physical Review Letters},
	author = {Tran, Fabien and Blaha, Peter},
	month = jun,
	year = {2009},
	file = {PubDat_175662.pdf:files/31/PubDat_175662.pdf:application/pdf}
}


@article{sayan_valence_2004,
	title = {Valence and conduction band offsets of a {ZrO}2/{SiOxNy}/n-{Si} {CMOS} gate stack: {A} combined photoemission and inverse photoemission study},
	volume = {241},
	issn = {03701972, 15213951},
	shorttitle = {Valence and conduction band offsets of a {ZrO}2/{SiOxNy}/n-{Si} {CMOS} gate stack},
	url = {http://doi.wiley.com/10.1002/pssb.200404945},
	doi = {10.1002/pssb.200404945},
	language = {en},
	number = {10},
	urldate = {2015-11-09},
	journal = {physica status solidi (b)},
	author = {Sayan, S. and Bartynski, R. A. and Zhao, X. and Gusev, E. P. and Vanderbilt, D. and Croft, M. and Banaszak Holl, M. and Garfunkel, E.},
	month = aug,
	year = {2004},
	pages = {2246--2252},
	file = {Sayan_et_al-2004-physica_status_solidi_(b).pdf:/Users/deguchi/Library/Application Support/Zotero/Profiles/i75f05sd.default/zotero/storage/JFI4BRPV/Sayan_et_al-2004-physica_status_solidi_(b).pdf:application/pdf}
}


@article{sayan_band_2004,
	title = {Band alignment issues related to {HfO}2/ {SiO}2/ p-{Si} gate stacks},
	volume = {96},
	url = {http://scitation.aip.org/content/aip/journal/jap/96/12/10.1063/1.1803107},
	number = {12},
	urldate = {2015-11-09},
	journal = {Journal of Applied Physics},
	author = {Sayan, S. and Emge, T. and Garfunkel, E. and Zhao, Xinyuan and Wielunski, L. and Bartynski, R. A. and Vanderbilt, David and Suehle, J. S. and Suzer, S. and Banaszak-Holl, M.},
	year = {2004},
	pages = {7485--7491},
	file = {HfO2bandgap.pdf:/Users/deguchi/Library/Application Support/Zotero/Profiles/i75f05sd.default/zotero/storage/MNZ6A32Z/HfO2bandgap.pdf:application/pdf}
}

@article{ramirez-flores_temperature-dependent_1994,
	title = {Temperature-dependent optical band gap of the metastable zinc-blende structure β-{GaN}},
	volume = {50},
	issn = {0163-1829, 1095-3795},
	url = {http://link.aps.org/doi/10.1103/PhysRevB.50.8433},
	doi = {10.1103/PhysRevB.50.8433},
	language = {en},
	number = {12},
	urldate = {2015-11-09},
	journal = {Physical Review B},
	author = {Ram\UTF{00ED}rez-Flores, G. and Navarro-Contreras, H. and Lastras-Mart\UTF{00ED}nez, A. and Powell, R. C. and Greene, J. E.},
	month = sep,
	year = {1994},
	pages = {8433--8438},
	file = {Phys Rev B 50 8433 1994.pdf:/Users/deguchi/Library/Application Support/Zotero/Profiles/i75f05sd.default/zotero/storage/GVQWDMVV/Phys Rev B 50 8433 1994.pdf:application/pdf}
}

@article{thompson_deposition_2001,
	title = {Deposition factors and band gap of zinc-blende {AlN}},
	volume = {89},
	issn = {00218979},
	url = {http://scitation.aip.org/content/aip/journal/jap/89/6/10.1063/1.1346999},
	doi = {10.1063/1.1346999},
	language = {en},
	number = {6},
	urldate = {2015-10-25},
	journal = {Journal of Applied Physics},
	author = {Thompson, Margarita P. and Auner, Gregory W. and Zheleva, Tsvetanka S. and Jones, Kenneth A. and Simko, Steven J. and Hilfiker, James N.},
	year = {2001},
	pages = {3331},
	file = {AlNzb.pdf:/Users/deguchi/Library/Application Support/Zotero/Profiles/i75f05sd.default/zotero/storage/2JQMMBRB/AlNzb.pdf:application/pdf;AlNzb.pdf:/Users/deguchi/Library/Application Support/Zotero/Profiles/i75f05sd.default/zotero/storage/7SDDMHQS/AlNzb.pdf:application/pdf}
}

@book{melinon_sic_2011,
	title = {{SiC} cage like based materials},
	url = {http://www.intechopen.com/source/pdfs/21138/InTech-Sic_cage_like_based_materials.pdf},
	urldate = {2015-11-06},
	publisher = {INTECH Open Access Publisher},
	author = {M\UTF{00E9}linon, Patrice},
	year = {2011},
	file = {SiC Cage Like Based Materials.pdf:files/65/SiC Cage Like Based Materials.pdf:application/pdf}
}

@article{heyd_erratum:_2006,
	title = {Erratum: “{Hybrid} functionals based on a screened {Coulomb} potential” [{J}. {Chem}. {Phys}. 118, 8207 (2003)]},
	volume = {124},
	issn = {00219606},
	shorttitle = {Erratum},
	url = {http://scitation.aip.org/content/aip/journal/jcp/124/21/10.1063/1.2204597},
	doi = {10.1063/1.2204597},
	language = {en},
	number = {21},
	urldate = {2015-11-06},
	journal = {The Journal of Chemical Physics},
	author = {Heyd, Jochen and Scuseria, Gustavo E. and Ernzerhof, Matthias},
	year = {2006},
	pages = {219906},
	file = {HSE06 reference2.pdf:/Users/deguchi/Library/Application Support/Zotero/Profiles/i75f05sd.default/zotero/storage/BCVRWERA/HSE06 reference2.pdf:application/pdf}
}

@article{heyd_hybrid_2003,
	title = {Hybrid functionals based on a screened {Coulomb} potential},
	volume = {118},
	issn = {00219606},
	url = {http://scitation.aip.org/content/aip/journal/jcp/118/18/10.1063/1.1564060},
	doi = {10.1063/1.1564060},
	language = {en},
	number = {18},
	urldate = {2015-11-06},
	journal = {The Journal of Chemical Physics},
	author = {Heyd, Jochen and Scuseria, Gustavo E. and Ernzerhof, Matthias},
	year = {2003},
	pages = {8207},
	file = {HSE06 reference.pdf:/Users/deguchi/Library/Application Support/Zotero/Profiles/i75f05sd.default/zotero/storage/5WPB3TKW/HSE06 reference.pdf:application/pdf}
}


@misc{crytallographyopendatabase, note="Crystallography Open Databese (COD)",
url={http://www.crystallography.net}}
}

@misc{supplement, note="Supplemental Materials",
url={https://github.com/tkotani/Supplement4deguchipaper.git}}
}


@article{kim_towards_2010,
	title = {Towards efficient band structure and effective mass calculations for {III}-{V} direct band-gap semiconductors},
	volume = {82},
	issn = {1098-0121, 1550-235X},
	url = {http://link.aps.org/doi/10.1103/PhysRevB.82.205212},
	doi = {10.1103/PhysRevB.82.205212},
	language = {en},
	number = {20},
	urldate = {2015-11-06},
	journal = {Physical Review B},
	author = {Kim, Yoon-Suk and Marsman, Martijn and Kresse, Georg and Tran, Fabien and Blaha, Peter},
	month = nov,
	year = {2010},
	file = {Kim et al. - 2010 - Towards efficient band structure and effective mas.pdf:files/6/Kim et al. - 2010 - Towards efficient band structure and effective mas.pdf:application/pdf}
}


@incollection{di_valentin_quasiparticle_2014,
	address = {Berlin, Heidelberg},
	title = {Quasiparticle {Self}-{Consistent} {GW} {Method} for the {Spectral} {Properties} of {Complex} {Materials}},
	volume = {347},
	isbn = {978-3-642-55067-6 978-3-642-55068-3},
	url = {http://link.springer.com/10.1007/128_2013_460},
	urldate = {2014-10-06},
	booktitle = {First {Principles} {Approaches} to {Spectroscopic} {Properties} of {Complex} {Materials}},
	publisher = {Springer Berlin Heidelberg},
	author = {Bruneval, Fabien and Gatti, Matteo},
	editor = {Di Valentin, Cristiana and Botti, Silvana and Cococcioni, Matteo},
	year = {2014},
	pages = {99--135},
	file = {Bruneval and Gatti - 2014 - Quasiparticle Self-Consistent GW Method for the Sp.pdf:/home/takao/paper/storage/XNHNABCA/Bruneval and Gatti - 2014 - Quasiparticle Self-Consistent GW Method for the Sp.pdf:application/pdf}
}
@article{jang_quasiparticle_2015,
	title = {Quasiparticle self-consistent {GW} study of cuprates: electronic structure, model parameters, and the two-band theory for {Tc}},
	volume = {5},
	issn = {2045-2322},
	shorttitle = {Quasiparticle self-consistent {GW} study of cuprates},
	url = {http://www.nature.com/doifinder/10.1038/srep12050},
	doi = {10.1038/srep12050},
	urldate = {2015-08-30},
	journal = {Scientific Reports},
	author = {Jang, Seung Woo and Kotani, Takao and Kino, Hiori and Kuroki, Kazuhiko and Han, Myung Joon},
	month = jul,
	year = {2015},
	pages = {12050}
}
@article {PSSB:PSSB201552490,
author = {Bakhtatou, Ali and Meddour, Athmane},
title = {Quasiparticle self-consistent GW study of AIN},
journal = {physica status solidi (b)},
issn = {1521-3951},
url = {http://dx.doi.org/10.1002/pssb.201552490},
doi = {10.1002/pssb.201552490},
pages = {1-8},
keywords = {AlN, density of states, dielectric function, energy bands, semiconductors},
year = {2015},
}


@article{geshi_pressure_2013,
	title = {Pressure induced band gap opening of {AlH}3},
	volume = {411},
	issn = {09214526},
	url = {http://linkinghub.elsevier.com/retrieve/pii/S092145261201037X},
	doi = {10.1016/j.physb.2012.11.041},
	language = {en},
	urldate = {2015-11-20},
	journal = {Physica B: Condensed Matter},
	author = {Geshi, Masaaki and Fukazawa, Taro},
	month = feb,
	year = {2013},
	pages = {154--160},
}


@article{kotani_formulation_2015,
	title = {Formulation of the {Augmented} {Plane}-{Wave} and {Muffin}-{Tin} {Orbital} {Method}},
	volume = {84},
	issn = {0031-9015, 1347-4073},
	url = {http://journals.jps.jp/doi/abs/10.7566/JPSJ.84.034702},
	doi = {10.7566/JPSJ.84.034702},
	language = {en},
	number = {3},
	urldate = {2015-02-09},
	journal = {Journal of the Physical Society of Japan},
	author = {Kotani, Takao and Kino, Hiori and Akai, Hisazumu},
	month = mar,
	year = {2015},
	pages = {034702}
}

@article{kotani_quasiparticle_2014,
	title = {Quasiparticle {Self}-{Consistent} {GW} {Method} {Based} on the {Augmented} {Plane}-{Wave} and {Muffin}-{Tin} {Orbital} {Method}},
	volume = {83},
	issn = {0031-9015},
	doi = {10.7566/JPSJ.83.094711},
	language = {English},
	number = {9},
	journal = {J. Phys. Soc. Jpn.},
	author = {Kotani, Takao},
	month = sep,
	year = {2014},
	note = {WOS:000340822100029},
	keywords = {APPROXIMATION, energy},
	pages = {094711 [11 Pages]}
}

@article{han_quasiparticle_2014,
	title = {Quasiparticle self-consistent {GW} study of {LaNiO} 3 and {LaNiO} 3 /{LaAlO} 3 superlattice},
	volume = {90},
	issn = {1098-0121, 1550-235X},
	shorttitle = {Quasiparticle self-consistent \&lt;span class="aps-inline-formula"\&gt;\&lt;math xmlns="http},
	url = {http://link.aps.org/doi/10.1103/PhysRevB.90.035127},
	doi = {10.1103/PhysRevB.90.035127},
	language = {en},
	number = {3},
	urldate = {2014-08-27},
	journal = {Physical Review B},
	author = {Han, Myung Joon and Kino, Hiori and Kotani, Takao},
	month = jul,
	year = {2014}
}

@article{nagara_band_2014,
	title = {Band structure and pressure-induced metallic transition in iodine - {GW} calculation},
	volume = {34},
	issn = {0895-7959},
	doi = {10.1080/08957959.2013.867040},
	language = {English},
	number = {2},
	journal = {High Pressure Res.},
	author = {Nagara, Hitose and Ishikawa, Takahiro and Kotani, Takao},
	month = jun,
	year = {2014},
	note = {WOS:000337605400008},
	keywords = {band structure, first-principles calculations, iodine, PHASE, pressure-induced   metallization, resistance, solid iodine, state},
	pages = {215--221}
}

@article{bruneval_accurate_2008,
	title = {Accurate {GW} self-energies in a plane-wave basis using only a few empty states: Towards large systems},
	volume = {78},
	issn = {1098-0121, 1550-{235X}},
	shorttitle = {Accurate {GW} self-energies in a plane-wave basis using only a few empty states},
	url = {http://link.aps.org/doi/10.1103/PhysRevB.78.085125},
	doi = {10.1103/PhysRevB.78.085125},
	number = {8},
	urldate = {2013-07-02},
	journal = {Physical Review B},
	author = {Bruneval, Fabien and Gonze, Xavier},
	month = aug,
	year = {2008},
	file = {PhysRevB.78.085125.pdf:/home/takao/paper/storage/NNN4DVZI/PhysRevB.78.085125.pdf:application/pdf}
},

@article{alkauskas_band_2008,
	title = {Band Offsets at Semiconductor-Oxide Interfaces from Hybrid Density-Functional Calculations},
	volume = {101},
	issn = {0031-9007, 1079-7114},
	url = {http://link.aps.org/doi/10.1103/PhysRevLett.101.106802},
	doi = {10.1103/PhysRevLett.101.106802},
	number = {10},
	urldate = {2013-07-02},
	journal = {Physical Review Letters},
	author = {Alkauskas, Audrius and Broqvist, Peter and Devynck, Fabien and Pasquarello, Alfredo},
	month = sep,
	year = {2008},
	file = {PhysRevLett.101.106802.pdf:/home/takao/paper/storage/FIMZF9F3/PhysRevLett.101.106802.pdf:application/pdf}
},

@article{bruneval_energetics_2011,
	title = {Energetics and metastability of the silicon vacancy in cubic {SiC}},
	volume = {83},
	issn = {1098-0121, 1550-{235X}},
	url = {http://link.aps.org/doi/10.1103/PhysRevB.83.144116},
	doi = {10.1103/PhysRevB.83.144116},
	number = {14},
	urldate = {2013-04-03},
	journal = {Physical Review B},
	author = {Bruneval, Fabien and Roma, Guido},
	month = apr,
	year = {2011},
	file = {e144116.pdf:/home/takao/paper/storage/BITJPFA7/e144116.pdf:application/pdf}
},

@article{bruneval_energetics_2011-1,
	title = {Energetics and metastability of the silicon vacancy in cubic {SiC}},
	volume = {83},
	issn = {1098-0121, 1550-{235X}},
	url = {http://link.aps.org/doi/10.1103/PhysRevB.83.144116},
	doi = {10.1103/PhysRevB.83.144116},
	number = {14},
	urldate = {2013-07-02},
	journal = {Physical Review B},
	author = {Bruneval, Fabien and Roma, Guido},
	month = apr,
	year = {2011},
	file = {PhysRevB.83.144116.pdf:/home/takao/paper/storage/IDRB3DU9/PhysRevB.83.144116.pdf:application/pdf}
},

@article{bruneval_gw_2009,
	title = {{GW} Approximation of the Many-Body Problem and Changes in the Particle Number},
	volume = {103},
	issn = {0031-9007, 1079-7114},
	url = {http://link.aps.org/doi/10.1103/PhysRevLett.103.176403},
	doi = {10.1103/PhysRevLett.103.176403},
	number = {17},
	urldate = {2013-07-02},
	journal = {Physical Review Letters},
	author = {Bruneval, Fabien},
	month = oct,
	year = {2009},
	file = {PhysRevLett.103.176403.pdf:/home/takao/paper/storage/7DKHJTX9/PhysRevLett.103.176403.pdf:application/pdf}
},

@article{bruneval_ionization_2012,
	title = {Ionization energy of atoms obtained from {GW} self-energy or from random phase approximation total energies},
	volume = {136},
	issn = {00219606},
	url = {http://link.aip.org/link/JCPSA6/v136/i19/p194107/s1&Agg=doi},
	doi = {10.1063/1.4718428},
	number = {19},
	urldate = {2013-04-22},
	journal = {The Journal of Chemical Physics},
	author = {Bruneval, Fabien},
	year = {2012},
	pages = {194107},
	file = {GetPDFServlet.pdf:/home/takao/paper/storage/8HJ7HJCG/GetPDFServlet.pdf:application/pdf}
},

@article{bruneval_many-body_2005,
	title = {Many-Body Perturbation Theory Using the Density-Functional Concept: Beyond the {GW} Approximation},
	volume = {94},
	issn = {0031-9007, 1079-7114},
	shorttitle = {Many-Body Perturbation Theory Using the Density-Functional Concept},
	url = {http://link.aps.org/doi/10.1103/PhysRevLett.94.186402},
	doi = {10.1103/PhysRevLett.94.186402},
	number = {18},
	urldate = {2013-07-02},
	journal = {Physical Review Letters},
	author = {Bruneval, Fabien and Sottile, Francesco and Olevano, Valerio and Del\UTF{00A0}Sole, Rodolfo and Reining, Lucia},
	month = may,
	year = {2005},
	file = {PhysRevLett.94.186402.pdf:/home/takao/paper/storage/VCCZP763/PhysRevLett.94.186402.pdf:application/pdf}
},

@article{bruneval_methodological_2012,
	title = {Methodological aspects of the {GW} calculation of the carbon vacancy in {3C-SiC}},
	volume = {277},
	issn = {{0168583X}},
	url = {http://linkinghub.elsevier.com/retrieve/pii/S0168583X11011712},
	doi = {10.1016/j.nimb.2011.12.052},
	urldate = {2013-04-03},
	journal = {Nuclear Instruments and Methods in Physics Research Section B: Beam Interactions with Materials and Atoms},
	author = {Bruneval, Fabien},
	month = apr,
	year = {2012},
	pages = {77--79},
	file = {1-s2.0-S0168583X11011712-main.pdf:/home/takao/paper/storage/AN9KQPRK/1-s2.0-S0168583X11011712-main.pdf:application/pdf}
},

@article{bruneval_range-separated_2012,
	title = {Range-Separated Approach to the {RPA} Correlation Applied to the van der Waals Bond and to Diffusion of Defects},
	volume = {108},
	issn = {0031-9007, 1079-7114},
	url = {http://link.aps.org/doi/10.1103/PhysRevLett.108.256403},
	doi = {10.1103/PhysRevLett.108.256403},
	number = {25},
	urldate = {2013-04-05},
	journal = {Physical Review Letters},
	author = {Bruneval, Fabien},
	month = jun,
	year = {2012},
	file = {e256403.pdf:/home/takao/paper/storage/572K88CD/e256403.pdf:application/pdf}
}


@article{friedrich_efficient_2010,
  title = {Efficient implementation of the $GW$ approximation within the all-electron FLAPW method},
  author = {Friedrich, Christoph and Blugel, Stefan and Schindlmayr, Arno},
  journal = {Phys. Rev. B},
  volume = {81},
  issue = {12},
  pages = {125102},
  numpages = {16},
  year = {2010},
  month = {Mar},
  publisher = {American Physical Society},
  doi = {10.1103/PhysRevB.81.125102},
  url = {http://link.aps.org/doi/10.1103/PhysRevB.81.125102}
}



@misc{ecalj,
  note={A first-principles electronic-structure suite based on the PMT method, \texttt{ecalj} package, is freely available from \texttt{https://github.com/tkotani/ecalj}.
        Its one-body part is developed based on the LMTO part in the LMsuit package at {\tt http://www.lmsuite.org/}.}
}

@article{kotani_linearized_2013,
	title = {Linearized Augmented Plane-Wave and Muffin-Tin Orbital Method with the {PBE} {Exchange\UTF{2013}Correlation:} Applied to Molecules from H $_{\textrm{2}}$ through Kr $_{\textrm{2}}$},
	volume = {82},
	issn = {0031-9015, 1347-4073},
	shorttitle = {Linearized Augmented Plane-Wave and Muffin-Tin Orbital Method with the {PBE} {Exchange\UTF{2013}Correlation}},
	url = {http://journals.jps.jp/doi/abs/10.7566/JPSJ.82.124714},
	doi = {10.7566/JPSJ.82.124714},
	number = {12},
	urldate = {2014-02-15},
	journal = {Journal of the Physical Society of Japan},
	author = {Kotani, Takao and Kino, Hiori},
	month = dec,
	year = {2013},
	pages = {124714},
	file = {JPSJ.82.pdf:/home/takao/paper/storage/BTXQ3V6W/JPSJ.82.pdf:application/pdf}
}
@misc{qsgwmass, note="Adapting QSGW to large multi-core systems",
url={https:www.hector.ac.uk/cse/distributedcse/reports/QSGW/}}
}

@article{shishkin_accurate_2007,
	title = {Accurate Quasiparticle Spectra from Self-Consistent {GW} Calculations with Vertex Corrections},
	volume = {99},
	issn = {0031-9007, 1079-7114},
	url = {http://link.aps.org/doi/10.1103/PhysRevLett.99.246403},
	doi = {10.1103/PhysRevLett.99.246403},
	number = {24},
	urldate = {2013-07-02},
	journal = {Physical Review Letters},
	author = {Shishkin, M. and Marsman, M. and Kresse, G.},
	month = dec,
	year = {2007},
	file = {PhysRevLett.99.246403.pdf:/home/takao/paper/storage/E7IC4DKJ/PhysRevLett.99.246403.pdf:application/pdf}
}


@article{PhysRevB.88.075105,
  title = {Self-consistent GW: All-electron implementation with localized basis functions},
  author = {Caruso, Fabio and Rinke, Patrick and Ren, Xinguo and Rubio, Angel and Scheffler, Matthias},
  journal = {Phys. Rev. B},
  volume = {88},
  issue = {7},
  pages = {075105},
  numpages = {15},
  year = {2013},
  month = {Aug},
  publisher = {American Physical Society},
  doi = {10.1103/PhysRevB.88.075105},
  url = {http://link.aps.org/doi/10.1103/PhysRevB.88.075105}
}

@article{aryasetiawan__1998,
	volume = {61},
	journal = {Rep. Prog. Phys},
	author = {Aryasetiawan, F. and Gunnarsson, O.},
	year = {1998},
	pages = {237}
},

@article{aryasetiawan__2002,
	volume = {88},
	journal = {Phys. Rev. Lett.},
	author = {Aryasetiawan, F. and Miyake, T. and Terakura, K.},
	year = {2002}
},

@article{barth__1972,
	volume = {5},
	journal = {J. Phys. C},
	author = {Barth, U. von and Hedin, L.},
	year = {1972},
	pages = {1692}
},

@article{baym__1961,
	volume = {124},
	journal = {Phys. Rev.},
	author = {Baym, G. and Kadanoff, L. P.},
	year = {1961}
},

@book{blugel__2006,
	author = {Bl\"{u}gel, Stefan and Bihlmayer, Gustav},
	year = {2006},
	note = {http://www2.fz-juelich.de/nic-series/volume31/bluegel.pdf}
},

@article{c.-o.almbladh__1999,
	volume = {13},
	journal = {Int. J. Mod. Phys. B},
	author = {C.-{O.Almbladh}, U. von Barth and Leeuwen, R. van},
	year = {1999}
},

@article{faleev__2000,
	volume = {62},
	journal = {Phys. Rev. B},
	author = {Faleev, S. V. and Stockman, M. I.},
	year = {2000},
	pages = {16707}
},

@article{harris__1985,
	volume = {31},
	journal = {Phys. Rev. B},
	author = {Harris, J},
	year = {1985},
	pages = {1770}
},

@article{ku__2004,
	volume = {93},
	journal = {Phys. Rev. Lett.},
	author = {Ku, Wei and Eguiluz, A. G.},
	year = {2004},
	pages = {249702}
},

@article{luttinger__1960,
	volume = {119},
	journal = {Phys. Rev.},
	author = {Luttinger, J. M.},
	year = {1960}
},

@article{luttinger__1960-1,
	volume = {118},
	journal = {Phys. Rev.},
	author = {Luttinger, J. M. and Ward, J. C.},
	year = {1960}
},

@article{maksimov__1989,
	volume = {1},
	journal = {J. Phys.: Condens. Matter},
	author = {Maksimov, E. G. and Mazin, I. I. and Savrasov, S. Yu and Uspenski, Yu A.},
	year = {1989},
	pages = {2493}
},

@book{martin__2000,
	publisher = {Cambridge University Press},
	author = {Martin, R.},
	year = {2000}
},

@unpublished{mesfessel__nfp,
	author = {Mesfessel, M. and Schilfgaarde, M. van},
	note = {{'NFP} manual 1.01 Oct 10,1997'. {NFP} is previous to the current {LMTO} package lmf maintained by M. van Schilfgaarde.}
},

@article{p.pulay__1969,
	volume = {17},
	journal = {Mol. Phys.},
	author = {{P.Pulay}},
	year = {1969}
},

@article{s._h._vosko__1980,
	volume = {58},
	journal = {Can. J. Phys.},
	author = {S. H. Vosko, L. Wilk and Nusair, M.},
	year = {1980},
	pages = {1200}
},

@book{singh__1994,
	publisher = {Kluwer Academic, Boston},
	author = {Singh, D. J.},
	year = {1994}
},

@article{soler__1990,
	volume = {42},
	journal = {Phys. Rev. B},
	author = {Soler, Jos\UTF{00E9} M. and Williams, Arthur R.},
	year = {1990},
	pages = {9728}
},

@article{soler__1993,
	volume = {47},
	journal = {Phys. Rev. B},
	author = {Soler, Jos\UTF{00E9} M. and Williams, Arthur R.},
	year = {1993},
	pages = {6784--6786}
},

@article{weinert__1981,
	volume = {22},
	journal = {J. Math. Phys.},
	author = {Weinert, M.},
	year = {1981}
},

@article{yamasaki__2003,
	volume = {72},
	journal = {J. Phys. Soc. Japan},
	author = {Yamasaki, A. and Fujiwara, T.},
	year = {2003},
	pages = {607}
},

@book{__????,
	note = {These reference energies \${\textbackslash}eal\$ and \${\textbackslash}eallo\$ are given in the following manner. For the \$al\$ channel without elo/lo, we set \${\textbackslash}eal\$ at the center of gravity for partial density of states for occupied states. For the \$al\$ channel with elo/lo, we set \${\textbackslash}eal\$ at the top of valence, and set \${\textbackslash}eallo\$ at the center of gravity.}
},

@article{aryasetiawan_$gw$_1996,
	title = {{\$GW\$} spectral functions of Gd and {NiO}},
	volume = {54},
	journal = {Phys. Rev. B},
	author = {Aryasetiawan, F. and Karlsson, K.},
	year = {1996},
	pages = {5353}
},

@article{garbuio_ab_2006,
	title = {Ab Initio Calculation of Optical Spectra of Liquids: Many-Body Effects in the Electronic Excitations of Water},
	volume = {97},
	journal = {Phys. Rev. Lett.},
	author = {Garbuio, V. and Cascella, M. and Reining, L. and Sole, R. Del and Pulci, O.},
	year = {2006},
	pages = {137402}
},

@article{ferretti_ab_2012,
	title = {Ab initio complex band structure of conjugated polymers: Effects of hydrid density functional theory and {GW} schemes},
	volume = {85},
	shorttitle = {Ab initio complex band structure of conjugated polymers},
	url = {http://link.aps.org/doi/10.1103/PhysRevB.85.235105},
	doi = {10.1103/PhysRevB.85.235105},
	abstract = {The nonresonant tunneling regime for charge transfer across nanojunctions is critically dependent on the so-called β parameter, governing the exponential decay of the current as the length of the junction increases. For periodic materials, this parameter can be theoretically evaluated by computing the complex band structure {(CBS)—or} evanescent states—of the material forming the tunneling junction. In this work we present the calculation of the {CBS} for organic polymers using a variety of computational schemes, including standard local, semilocal, and hybrid-exchange density functionals, and many-body perturbation theory within the {GW} approximation. We compare the description of localization and β parameters among the adopted methods and with experimental data. We show that local and semilocal density functionals systematically underestimate the β parameter, while hybrid-exchange schemes partially correct for this discrepancy, resulting in a much better agreement with {GW} calculations and experiments. Self-consistency effects and self-energy representation issues of the {GW} corrections are discussed together with the use of Wannier functions to interpolate the electronic band structure.},
	number = {23},
	urldate = {2012-10-23},
	journal = {Physical Review B},
	author = {Ferretti, Andrea and Mallia, Giuseppe and Martin-Samos, Layla and Bussi, Giovanni and Ruini, Alice and Montanari, Barbara and Harrison, Nicholas M.},
	year = {2012},
	pages = {235105},
	file = {APS Snapshot:files/516/e235105.html:text/html}
},

@article{kresse_ab_1993,
	title = {Ab initio molecular dynamics for liquid metals},
	volume = {47},
	journal = {Phys. Rev. B},
	author = {Kresse, G. and Hafner, J.},
	year = {1993},
	pages = {558}
},

@article{blum_ab_2009,
	title = {Ab initio molecular simulations with numeric atom-centered orbitals},
	volume = {180},
	issn = {0010-4655},
	url = {http://www.sciencedirect.com/science/article/pii/S0010465509002033},
	doi = {10.1016/j.cpc.2009.06.022},
	number = {11},
	urldate = {2012-10-25},
	journal = {Computer Physics Communications},
	author = {Blum, Volker and Gehrke, Ralf and Hanke, Felix and Havu, Paula and Havu, Ville and Ren, Xinguo and Reuter, Karsten and Scheffler, Matthias},
	month = nov,
	year = {2009},
	keywords = {Ab initio molecular simulations, Atom-centered basis functions, Density-functional theory, {GW} self-energy, {Hartree\UTF{2013}Fock}, {MP2}, {O(N)} {DFT}},
	pages = {2175--2196},
	file = {ScienceDirect Full Text PDF:files/496/Blum et al. - 2009 - Ab initio molecular simulations with numeric atom-.pdf:application/pdf;ScienceDirect Snapshot:files/497/S0010465509002033.html:text/html}
},


@article{kotani_ab_2000,
	title = {Ab initio random-phase-approximation calculation of the frequency-dependent effective interaction between 3d electrons: Ni, Fe, and {MnO}},
	volume = {12},
	journal = {{J.Phys.} Cond. Mat.},
	author = {Kotani, Takao},
	year = {2000}
},

@article{kurz_ab_2004,
	title = {Ab initio treatment of noncollinear magnets with the full-potential linearized augmented plane wave method},
	volume = {69},
	doi = {10.1103/PhysRevB.69.024415},
	number = {2},
	journal = {Phys. Rev. B},
	author = {Kurz, Ph. and F\UTF{00F6}rster, F. and Nordstr\UTF{00F6}m, L. and Bihlmayer, G. and Bl\"{u}gel, S.},
	month = jan,
	year = {2004},
	pages = {024415}
},

@article{fuchs_accurate_2002,
	title = {Accurate density functionals:{\textbackslash}hskip0.3em{\textbackslash}{hskip0.3emApproaches} using the adiabatic-connection fluctuation-dissipation theorem},
	volume = {65},
	doi = {10.1103/PhysRevB.65.235109},
	journal = {Phys. Rev. B},
	author = {Fuchs, M. and Gonze, X.},
	month = jun,
	year = {2002},
	pages = {235109}
},

@article{schilfgaarde_adequacy_2006,
	title = {Adequacy of approximations in {\textbackslash}{emphGW} theory},
	volume = {74},
	journal = {Phys. Rev. B},
	author = {Schilfgaarde, M. van and Kotani, T. and Faleev, S. V.},
	year = {2006},
	pages = {245125}
},

@article{kotani_all-electron_2002,
	title = {All-electron {\$GW\$} approximation with the mixed basis expansion based on the full-potential {LMTO} method},
	volume = {121},
	journal = {Solid State Commun.},
	author = {Kotani, Takao and Schilfgaarde, M. van},
	year = {2002},
	pages = {461}
},

@article{filippi_all-electron_1994,
	title = {All-electron local-density and generalized-gradient calculations of the structural properties of semiconductors},
	volume = {50},
	doi = {10.1103/PhysRevB.50.14947},
	number = {20},
	journal = {Phys. Rev. B},
	author = {Filippi, C. and Singh, D. J. and Umrigar, C. J.},
	month = nov,
	year = {1994},
	pages = {14947\UTF{2013}14951}
},

@article{faleev_all-electron_2004,
	title = {All-electron self-consistent {GW} approximation: Application to Si, {MnO}, and {NiO}},
	volume = {93},
	journal = {Phys. Rev. Lett.},
	author = {Faleev, S. V. and Schilfgaarde, M. van and Kotani, Takao},
	year = {2004},
	pages = {126406}
},

@article{khein_all-electron_1995,
	title = {All-electron study of gradient corrections to the local-density functional in metallic systems},
	volume = {51},
	doi = {10.1103/PhysRevB.51.4105},
	number = {7},
	journal = {Phys. Rev. B},
	author = {Khein, Alexander and Singh, D. J. and Umrigar, C. J.},
	month = feb,
	year = {1995},
	pages = {4105\UTF{2013}4109}
},

@article{e._sjostedt_l._nordstrom_alternative_2000,
	title = {An alternative way of linearizing the augmented plane-wave method},
	volume = {114},
	journal = {Solid State Communications},
	author = {E. Sjostedt, L. Nordstrom, D. J. Singh},
	year = {2000},
	pages = {15\UTF{2013}20}
},

@article{friedrich_band_2011,
	title = {Band convergence and linearization error correction of all-electron \${\textbackslash}{mathitGW\$} calculations: The extreme case of zinc oxide},
	volume = {83},
	url = {http://link.aps.org/doi/10.1103/PhysRevB.83.081101},
	doi = {10.1103/PhysRevB.83.081101},
	number = {8},
	journal = {Phys. Rev. B},
	author = {Friedrich, Christoph and M\UTF{00FC}ller, Mathias C. and Bl\"{u}gel, Stefan},
	month = feb,
	year = {2011},
	pages = {081101}
},

@article{shaltaf_band_2008,
	title = {Band Offsets at the {Si/SiO[sub} 2] Interface from Many-Body Perturbation Theory},
	volume = {100},
	url = {http://link.aps.org/abstract/PRL/v100/e186401},
	doi = {10.1103/PhysRevLett.100.186401},
	number = {18},
	journal = {Physical Review Letters},
	author = {Shaltaf, R. and Rignanese, G.-M. and Gonze, X. and Giustino, Feliciano and Pasquarello, Alfredo},
	year = {2008},
	pages = {186401}
},

@article{rangel_band_2012,
	title = {Band structure of gold from many-body perturbation theory},
	volume = {86},
	url = {http://link.aps.org/doi/10.1103/PhysRevB.86.125125},
	doi = {10.1103/PhysRevB.86.125125},
	abstract = {The band structure of gold is calculated using ab initio many-body perturbation theory. Different approximations within the {GW} approach are considered. Standard single-shot {G0W0} corrections modify the sp-like bands while leaving unchanged the 5d occupied bands. Beyond {G0W0}, quasiparticle self-consistency on the wave functions lowers the 5d bands. Globally, many-body effects achieve an opening of the 5d-6sp interband gap of \UTF{223C}0.4 to \UTF{223C}0.8 {eV}, reducing the discrepancy with the experiment. Finally, the quasiparticle band structure is compared to the one obtained by the widely used {HSE} {(Heyd}, Scuseria, and Ernzerhof) hybrid functional.},
	number = {12},
	urldate = {2012-10-23},
	journal = {Physical Review B},
	author = {Rangel, T. and Kecik, D. and Trevisanutto, P. E. and Rignanese, G.-M. and Van Swygenhoven, H. and Olevano, V.},
	year = {2012},
	pages = {125125},
	file = {APS Full Text PDF:files/522/Rangel et al. - 2012 - Band structure of gold from many-body perturbation.pdf:application/pdf;APS Snapshot:files/517/e125125.html:text/html}
},

@article{usuda_band_2004,
	title = {Band structures of wurtzite {InN} and Ga$_{\textrm{1-x}}${In\$x\$N} by all-electron {GW} calculation},
	volume = {43},
	journal = {Jpn. J. Appl. Phys. Lett. (part 2)},
	author = {Usuda, M. and Hamada, H. and Siraishi, K. and Oshiyama, A.},
	year = {2004},
	pages = {L407}
},

@article{niquet_band-gap_2004,
	title = {Band-gap energy in the random-phase approximation to density-functional theory},
	volume = {70},
	journal = {Phys. Rev. B},
	author = {Niquet, Y. M. and Gonze, X.},
	year = {2004},
	pages = {245115}
},

@article{ku_band-gap_2002,
	title = {Band-Gap Problem in Semiconductors Revisited: Effects of Core States and Many-Body Self-Consistency},
	volume = {89},
	journal = {Phys. Rev. Lett.},
	author = {Ku, W. and Eguiluz, A. G.},
	year = {2002},
	pages = {126401}
},

@article{bruneval_beyond_2006,
	title = {Beyond time-dependent exact exchange: The need for long-range correlation},
	volume = {124},
	journal = {J. Chem. Phys.},
	author = {Bruneval, F. and Sottile, F. and Olevano, F. and Reining, L.},
	year = {2006},
	pages = {144113}
},

@article{rinke_combining_2005,
	title = {Combining {GW} calculations with exact-exchange density-functional theory: An analysis of valence-band photoemission for compound semiconductors},
	volume = {7},
	journal = {New J. Phys.},
	author = {Rinke, P. and Qteish, A. and Neugebauer, J. and Freysoldt, C. and Scheffler, M.},
	year = {2005},
	pages = {126}
},

@article{bechstedt_compensation_1997,
	title = {Compensation of Dynamical Quasiparticle and Vertex Corrections in Optical Spectra},
	volume = {78},
	journal = {Phys. Rev. Lett.},
	author = {Bechstedt, F. and Tenelsen, K. and Adolph, B. and Sole, R. Del},
	year = {1997},
	pages = {1528}
},

@article{shirley_core_1992,
	title = {Core polarization in semiconductors: Effects on quasiparticle energies},
	volume = {69},
	journal = {Phys. Rev. Lett.},
	author = {Shirley, E. L. and Zhu, X. and Louie, S. G.},
	year = {1992},
	pages = {2955}
},

@article{shirley_core_1997,
	title = {Core polarization in solids: Formulation and application to semiconductors},
	volume = {56},
	journal = {Phys. Rev. B},
	author = {Shirley, E. L. and Zhu, X. and Louie, S. G.},
	year = {1997},
	pages = {6648}
},

@article{shirley_core-valence_1991,
	title = {Core-valence partitioning and quasiparticle pseudopotentials},
	volume = {44},
	journal = {Phys. Rev. B},
	author = {Shirley, E. L. and Mit\UTF{00E1}s, L. and Martin, R. M.},
	year = {1991},
	pages = {3395}
},

@article{fukuda_density-functional_1994,
	title = {{DENSITY-FUNCTIONAL} {THEORY} {THROUGH} {LEGENDRE} {TRANSFORMATION}},
	volume = {92},
	issn = {0033-{068X}},
	doi = {10.1143/PTP.92.833},
	abstract = {Theoretical foundation of density functional theory in terms of field theoretical Legendre transformation is presented.  The ground state energy is first written as a functional of local probe coupled to the density operator.  The density functional is then defined by the functional Legendre transformation, which leads to a systematic formulation of density functional theory.  Excitation spectrum is also determined within the same formalism in a unified way.  The diagrammatic evaluation is most conveniently done by using auxiliary field method.  Several generalizations of the formalism and extension to the case other than the density operator are also discussed.},
	number = {4},
	journal = {Progress of Theoretical Physics},
	author = {{FUKUDA}, R. and {KOTANI}, T. and {SUZUKI}, Y. and {YOKOJIMA}, S.},
	month = oct,
	year = {1994},
	note = {{WOS:A1994PQ86200009}},
	pages = {833--862}
},

@article{methfessel_derivation_1993,
	title = {Derivation of Force Theorems in Density-Functional Theory},
	volume = {48},
	journal = {Phys. Rev. B},
	author = {Methfessel, M. and Schilfgaarde, M. van},
	year = {1993},
	pages = {4937}
},

@article{schindlmayr_diagrammatic_2001,
	title = {Diagrammatic self-energy approximations and the total particle number},
	volume = {64},
	journal = {Phys. Rev. B},
	author = {Schindlmayr, A. and Garcia, P. and Godby, R. W.},
	year = {2001},
	pages = {235106}
},

@article{tiago_effect_2004,
	title = {Effect of semicore orbitals on the electronic band gaps of Si, Ge, and {GaAs} within the {GW} approximation},
	volume = {69},
	journal = {Phys. Rev. B},
	author = {Tiago, M. L. and Ismail-Beigi, S. and Louie, S. G.},
	year = {2004},
	pages = {125212}
},

@article{hybertsen_electron_1986,
	title = {Electron correlation in semiconductors and insulators: Band gaps and quasiparticle energies},
	volume = {34},
	doi = {10.1103/PhysRevB.34.5390},
	journal = {Phys. Rev. B},
	author = {Hybertsen, M. S. and Louie, S. G.},
	month = oct,
	year = {1986},
	pages = {5390}
},

@article{lukashev_electronic_2007,
	title = {Electronic and crystal structure of Cu(2-{x)S:} Full-potential electronic   structure calculations},
	volume = {76},
	issn = {1098-0121},
	doi = {10.1103/PhysRevB.76.195202},
	number = {19},
	journal = {Physical Review B},
	author = {Lukashev, Pavel and Lambrecht, Walter R. L. and Kotani, Takao and van Schilfgaarde, Mark},
	month = nov,
	year = {2007},
	note = {{WOS:000251326800064}},
},

@article{onida_electronic_2002,
	title = {Electronic excitations: Density-functional versus many-body Green's-function approaches},
	volume = {74},
	journal = {Rev. Mod. Phys.},
	author = {Onida, G. and Reining, L. and Rubio, A.},
	year = {2002},
	pages = {601}
},

@article{methfessel_electronic_1993,
	title = {Electronic structure and bonding in the metallocarbohedrene {Ti\UTF{2088}C$_{\textrm{12}}$}},
	volume = {70},
	journal = {Phys. Rev. Lett.},
	author = {Methfessel, M. and Schilfgaarde, M. van and Scheffler, M.},
	year = {1993},
	pages = {29}
},

@inproceedings{methfessel_electronic_2000,
	title = {Electronic Structure and Physical Properties of Solids: The Uses of the {LMTO} Method},
	volume = {535},
	booktitle = {Lecture Notes in Physics},
	publisher = {Springer-Verlag, Berlin},
	author = {Methfessel, M. and Schilfgaarde, M. van and Casali, R. A.},
	editor = {Dreysse, H.},
	year = {2000}
},

@article{fleszar_electronic_2005,
	title = {Electronic structure of {IIB-VI} semiconductors in the {GW} approximation},
	volume = {71},
	journal = {Phys. Rev. B},
	author = {Fleszar, A. and Hanke, W.},
	year = {2005},
	pages = {045207}
},

@article{aberg_electronic_2012,
	title = {Electronic structure of {LaBr\_{3}} from quasiparticle self-consistent {GW} calculations},
	volume = {85},
	issn = {1098-0121, 1550-{235X}},
	url = {http://link.aps.org/doi/10.1103/PhysRevB.85.125134},
	doi = {10.1103/PhysRevB.85.125134},
	number = {12},
	urldate = {2012-10-11},
	journal = {Physical Review B},
	author = {\UTF{00C5}berg, Daniel and Sadigh, Babak and Erhart, Paul},
	month = mar,
	year = {2012},
	file = {APS Full Text PDF:files/519/\UTF{00C5}berg et al. - 2012 - Electronic structure of LaBr_{3} from quasiparticl.pdf:application/pdf;APS Snapshot:files/523/e125134.html:text/html;PhysRevB.85.125134.pdf:files/278/PhysRevB.85.125134.pdf:application/pdf}
},

@article{aryasetiawan_electronic_1994,
	title = {Electronic Structure of {NiO} in the {GW} Approximation},
	volume = {74},
	journal = {Phys. Rev. Lett.},
	author = {Aryasetiawan, F. and Gunnarsson, O.},
	year = {1994},
	pages = {3221}
},

@article{friedrich_elimination_2006,
	title = {Elimination of the linearization error in {GW} calculations based on the linearized augmented-plane-wave method},
	volume = {74},
	journal = {Phys. Rev. B},
	author = {Friedrich, C. and Schindlmayr, A. and B\"{u}gel, S. and Kotani, T.},
	year = {2006},
	pages = {045104}
},

@article{steinbeck_enhancements_2000,
	title = {Enhancements to the {GW} space-time method},
	volume = {125},
	journal = {Comput. Phys. Commun.},
	author = {Steinbeck, L. and Rubio, A. and Reining, L. and Torrent, M. and White, I. D. and Godby, R. W.},
	year = {2000},
	pages = {105}
},

@article{kotani_exact_1994,
	title = {Exact exchange potential band-structure calculations by the {LMTO-ASA} method: {MgO} and {CaO}},
	volume = {50},
	journal = {Phys. Rev. B},
	author = {Kotani, T.},
	year = {1994},
	note = {Phys. Rev. B51 {13903(E)}},
	pages = {14816}
},

@article{andersen_explicit_1984,
	title = {Explicit, First-Principles Tight-Binding Theory},
	volume = {53},
	journal = {Phys. Rev. Lett.},
	author = {Andersen, O. K. and Jepsen, O.},
	year = {1984},
	pages = {2571}
},

@article{gutay_feedback_2012,
	title = {Feedback mechanism for the stability of the band gap of {CuInSe\_{2}}},
	volume = {86},
	url = {http://link.aps.org/doi/10.1103/PhysRevB.86.045216},
	doi = {10.1103/PhysRevB.86.045216},
	abstract = {We report on experimental results on band gap and lattice distortion in {CuInSe2} for various degrees of Cu deficiency. The band gap is measured by optical methods, and the Cu vacancy density and anion displacement parameter are determined by neutron scattering. Our data show that the band gap decreases for Cu-poor compositions, and the anion displacement is weakly dependent on the concentration of Cu vacancies. This is in apparent contradiction with ab initio calculations that always predict a larger band gap in presence of Cu vacancies. To shed light on this issue, we studied the overall dependence of the band gap on the anion displacement and on the concentration of Cu vacancies using a self-consistent {GW} approach and hybrid functionals, including a feedback mechanism that was recently proposed. Our calculations illustrate consistently the remarkable stability of the band gap of chalcopyrite semiconductors and explain the experimental observations by a coupled effect of Cu vacancies and lattice distortions within the feedback model.},
	number = {4},
	urldate = {2012-10-23},
	journal = {Physical Review B},
	author = {G\UTF{00FC}tay, Levent and Regesch, David and Larsen, Jes K. and Aida, Yasuhiro and Depredurand, Val\UTF{00E9}rie and Redinger, Alex and Caneva, Sabina and Schorr, Susan and Stephan, Christiane and Vidal, Julien and Botti, Silvana and Siebentritt, Susanne},
	year = {2012},
	pages = {045216},
	file = {APS Snapshot:files/500/e045216.html:text/html;APS Snapshot:files/521/e045216.html:text/html}
},

@article{anisimov_first-principles_1997,
	title = {First-principles calculations of the electronic structure and spectra of strongly correlated systems: The {LDA+U} method},
	volume = {9},
	journal = {J. Phys.: Condens. Matter},
	author = {Anisimov, V. I. and Aryasetiawan, F. and Lichtenstein, A. I.},
	year = {1997},
	pages = {767}
},

@article{kresse_ultrasoft_1999,
	title = {From ultrasoft pseudopotentials to the projector augmented-wave method},
	volume = {59},
	doi = {10.1103/PhysRevB.59.1758},
	number = {3},
	journal = {Phys. Rev. B},
	author = {Kresse, G. and Joubert, D.},
	month = jan,
	year = {1999},
	pages = {1758\UTF{2013}1775}
},

@article{mokrousov_full-potential_2005,
	title = {Full-potential linearized augmented plane-wave method for one-dimensional systems: Gold nanowire and iron monowires in a gold tube},
	volume = {72},
	journal = {Phys. Rev. B},
	author = {Mokrousov, Y. and Bihlmayer, G. and Bl\"{u}gel, S.},
	year = {2005},
	pages = {045402}
},

@article{huhne_full-potential_1998,
	title = {Full-potential spin-polarized relativistic Korringa-Kohn-Rostoker method implemented and applied to bcc Fe, fcc Co, and fcc Ni},
	volume = {58},
	journal = {Phys. Rev. B},
	author = {Huhne, T. and Zecha, C. and Ebert, H. and Dederichs, P. H. and Zeller, R.},
	year = {1998},
	pages = {10236}
},

@article{holm_fully_1998,
	title = {Fully self-consistent {GW} self-energy of the electron gas},
	volume = {57},
	journal = {Phys. Rev. B},
	author = {Holm, B. and Barth, U. von},
	year = {1998},
	pages = {2108}
},

@article{kotani_fusion_2010,
	title = {Fusion of the {LAPW} and {LMTO} methods: The augmented plane wave plus   muffin-tin orbital method},
	volume = {81},
	issn = {1098-0121},
	doi = {10.1103/PhysRevB.81.125117},
	abstract = {We present a full potential linearized method to solve the one-body problem, for example in the local density approximation. A mixed basis of augmented plane waves and generalized muffin-tin orbitals {(MTOs)} are used for the eigenfunctions. Since {MTOs} efficiently describe low-energy and localized states, the mixed basis is dramatically more efficient than the linearized augmented plane wave method for a given tolerance. {GaAs}, {MnAs}, {SrTiO(3)}, Cu, and the O(2) dimer are used as illustrations.},
	number = {12},
	journal = {Physical Review B},
	author = {Kotani, Takao and van Schilfgaarde, Mark},
	month = mar,
	year = {2010},
	note = {{WOS:000276248900054}},
	file = {PhysRevB.81.125117.pdf:files/258/PhysRevB.81.125117.pdf:application/pdf}
},

@article{perdew_generalized_1996,
	title = {Generalized Gradient Approximation Made Simple},
	volume = {77},
	url = {http://link.aps.org/doi/10.1103/PhysRevLett.77.3865},
	doi = {10.1103/PhysRevLett.77.3865},
	number = {18},
	journal = {Phys. Rev. Lett.},
	author = {Perdew, John P. and Burke, Kieron and Ernzerhof, Matthias},
	month = oct,
	year = {1996},
	pages = {3865\UTF{2013}3868}
},

@article{seidl_generalized_1996,
	title = {Generalized Kohn-Sham schemes and the band-gap problem},
	volume = {53},
	journal = {Phys. Rev. B},
	author = {Seidl, A. and G\UTF{00F6}ring, A. and Vogl, P. and Majewski, J. A. and Levy, M.},
	year = {1996},
	pages = {3764}
},

@article{rath_generalized_1975,
	title = {Generalized magnetic susceptibilities in metals: Application of the analytic tetrahedron linear energy method to Sc},
	volume = {11},
	journal = {Phys. Rev. B},
	author = {Rath, J. and Freeman, A. J.},
	year = {1975},
	pages = {2109}
},

@article{singh_ground-state_1991,
	title = {Ground-state properties of lanthanum: Treatment of extended-core states},
	volume = {43},
	url = {http://link.aps.org/doi/10.1103/PhysRevB.43.6388},
	doi = {10.1103/PhysRevB.43.6388},
	number = {8},
	journal = {Phys. Rev. B},
	author = {Singh, David},
	month = mar,
	year = {1991},
	pages = {6388\UTF{2013}6392}
},

@article{shirley_gw_1993,
	title = {{GW} quasiparticle calculations in atoms},
	volume = {47},
	journal = {Phys. Rev. B},
	author = {Shirley, E. L. and Martin, R. M.},
	year = {1993},
	pages = {15404}
},

@article{arnaud_huge_2006,
	title = {Huge Excitonic Effects in Layered Hexagonal Boron Nitride},
	volume = {96},
	journal = {Phys. Rev. Lett.},
	author = {Arnaud, B. and Lebegue, S. and Rabiller, P. and Alouani, M.},
	year = {2006},
	pages = {026402}
},

@article{lebegue_implementation_2003,
	title = {Implementation of an all-electron {GW} approximation based on the projector augmented wave method without plasmon pole approximation: Application to Si, {SiC}, {AlAs}, {InAs}, {NaH}, and {KH}},
	volume = {67},
	journal = {Phys. Rev. B},
	author = {Leb\UTF{00E8}gue, S. and Arnaud, B. and Alouani, M. and Bloechl, P. E.},
	year = {2003},
	pages = {155208}
},

@article{white_implementation_1994,
	title = {Implementation of gradient-corrected exchange-correlation potentials in Car-Parrinello total-energy calculations},
	volume = {50},
	doi = {10.1103/PhysRevB.50.4954},
	number = {7},
	journal = {Phys. Rev. B},
	author = {White, J. A. and Bird, D. M.},
	month = aug,
	year = {1994},
	pages = {4954\UTF{2013}4957}
},

@article{stixrude_iron_1994,
	title = {Iron at high pressure: Linearized-augmented-plane-wave computations in the generalized-gradient approximation},
	volume = {50},
	doi = {10.1103/PhysRevB.50.6442},
	number = {9},
	journal = {Phys. Rev. B},
	author = {Stixrude, Lars and Cohen, R. E. and Singh, D. J.},
	month = sep,
	year = {1994},
	pages = {6442\UTF{2013}6445}
},

@article{kotani_kkr-asa_1996,
	title = {{KKR-ASA} method in exact exchange-potential band-structure calculations},
	volume = {54},
	journal = {Phys. Rev. B},
	author = {Kotani, T. and Akai, H.},
	year = {1996},
	pages = {16502}
},

@article{vidal_large_2012,
	title = {Large insulating gap in topological insulators induced by negative spin-orbit splitting},
	volume = {86},
	url = {http://link.aps.org/doi/10.1103/PhysRevB.86.075316},
	doi = {10.1103/PhysRevB.86.075316},
	abstract = {In a cubic topological insulator {(TI)}, there is a band inversion whereby the s-like Γ6c conduction band is below the p-like Γ7v+Γ8v valence bands by the “inversion energy” Δi{\textless}0. In {TIs} based on the zinc-blende structure such as {HgTe}, the Fermi energy intersects the degenerate Γ8v state so the insulating gap Eg between occupied and unoccupied bands vanishes. To achieve an insulating gap Eg{\textgreater}0 critical for {TI} applications, one often needs to resort to structural manipulations such as structural symmetry lowering (e.g., {Bi2Se3)}, strain, or quantum confinement. However, these methods have thus far opened an insulating gap of only {\textless}0.1 {eV.} Here we point out that there is an electronic rather than structural way to affect an insulating gap in a {TI:} if one can invert the spin-orbit levels and place Γ8v below Γ7v (“negative spin-orbit splitting”), one can realize band inversion (Δi{\textless}0) with a large insulating gap {(Eg} up to 0.5 {eV).} We outline design principles to create negative spin-orbit splitting: hybridization of d orbitals into p-like states. This general principle is illustrated in the “filled tetrahedral structures” {(FTS)} demonstrating via {GW} and density functional theory {(DFT)} calculations Eg{\textgreater}0 with Δi{\textless}0, albeit in a metastable form of {FTS.}},
	number = {7},
	urldate = {2012-10-25},
	journal = {Physical Review B},
	author = {Vidal, Julien and Zhang, Xiuwen and Stevanovi\UTF{0107}, Vladan and Luo, Jun-Wei and Zunger, Alex},
	month = aug,
	year = {2012},
	pages = {075316},
	file = {APS Snapshot:files/503/e075316.html:text/html}
},

@article{andersen_linear_1975,
	title = {Linear methods in band theory},
	volume = {12},
	journal = {Phys. Rev. B},
	author = {Andersen, O. K.},
	year = {1975},
	pages = {3060}
},

@article{liu_linearized-augmented-plane-wave_1994,
	title = {Linearized-augmented-plane-wave method with Car-Parrinello scaling},
	volume = {49},
	doi = {10.1103/PhysRevB.49.17424},
	number = {24},
	journal = {Phys. Rev. B},
	author = {Liu, Amy Y. and Singh, David J. and Krakauer, Henry},
	month = jun,
	year = {1994},
	pages = {17424\UTF{2013}17427}
},

@article{zein_local_2006,
	title = {Local Self-Energy Approach for Electronic Structure Calculations},
	volume = {96},
	journal = {Phys. Rev. Lett.},
	author = {Zein, N. E. and Savrasov, S. Y. and Kotliar, G.},
	year = {2006},
	pages = {226403}
},

@article{bruneval_many-body_2005,
	title = {Many-body perturbation theory using the density-functional concept: Beyond the {GW} approximation},
	volume = {94},
	journal = {Phys. Rev. Lett.},
	author = {Bruneval, F. and Sottile, F. and Olevano, F. and Sole, R. Del and Reining, L.},
	year = {2005},
	pages = {186402}
},

@book{mahan_many-particle_1990,
	title = {Many-Particle Physics},
	publisher = {Plenum Press, New York},
	author = {Mahan, G. D.},
	year = {1990}
},

@article{souza_maximally_2001,
	title = {Maximally localized Wannier functions for entangled energy bands},
	volume = {65},
	doi = {10.1103/PhysRevB.65.035109},
	number = {3},
	journal = {Phys. Rev. B},
	author = {Souza, Ivo and Marzari, Nicola and Vanderbilt, David},
	month = dec,
	year = {2001},
	pages = {035109}
},

@article{franchini_maximally_2012,
	title = {Maximally localized Wannier functions in {LaMnO}               3               within {PBE} +               U               , hybrid functionals and partially self-consistent {GW:} an efficient route to construct               ab initio               tight-binding parameters for e               g               perovskites},
	volume = {24},
	issn = {0953-8984, 1361-{648X}},
	shorttitle = {Maximally localized Wannier functions in {LaMnO}               3               within {PBE} +               U               , hybrid functionals and partially self-consistent {GW}},
	url = {http://iopscience.iop.org/0953-8984/24/23/235602},
	doi = {10.1088/0953-8984/24/23/235602},
	number = {23},
	urldate = {2012-10-25},
	journal = {Journal of Physics: Condensed Matter},
	author = {Franchini, C and Kov\UTF{00E1}\UTF{010D}ik, R and Marsman, M and Sathyanarayana Murthy, S and He, J and Ederer, C and Kresse, G},
	month = jun,
	year = {2012},
	pages = {235602}
},

@article{hahn_molecular_2005,
	title = {Molecular electronic excitations calculated from a solid-state approach: Methodology and numerics},
	volume = {72},
	doi = {10.1103/PhysRevB.72.245425},
	journal = {Phys. Rev. B},
	author = {Hahn, P. H. and Schmidt, W. G. and Bechstedt, F.},
	month = dec,
	year = {2005},
	pages = {245425}
},

@article{hedin_new_1965,
	title = {New Method for Calculating the One-Particle Green's Function with Application to the Electron-Gas Problem},
	volume = {139},
	journal = {Phys. Rev.},
	author = {Hedin, L.},
	year = {1965},
	pages = {A796}
},

@article{bott_nonsingular_1998,
	title = {Nonsingular Hankel functions as a new basis for electronic structure calculations},
	volume = {39},
	journal = {J. Math. Phys.},
	author = {Bott, E. and Methfessel, M. and Krabs, W. and Schmidt, P. C.},
	year = {1998},
	pages = {3393}
},

@article{muscat_prediction_2001,
	title = {On the prediction of band gaps from hybrid functional theory},
	volume = {342},
	number = {3-4},
	journal = {Chemical Physics Letters},
	author = {Muscat, J. and Wander, A. and Harrison, N. M.},
	year = {2001},
	note = {33},
	keywords = {{DIAMOND}, {ELECTRONIC-STRUCTURE;EXCHANGE;}, {EXCITATION-ENERGIES;}, {MONTE-CARLO;}, {QUANTUM}, {SEMICONDUCTORS;}, {SILICON;}, {THERMOCHEMISTRY;}},
	pages = {397--401}
},

@article{kotani_optimized_1998,
	title = {Optimized effective potential method for solids with exact exchange and exact {RPA} correlation},
	volume = {10},
	journal = {{J.Phys.:} Condens. Matter},
	author = {Kotani, T.},
	year = {1998},
	pages = {9241}
},

@article{iwashita_orbital_1996,
	title = {Orbital and spin magnetic moments of \textit{T} \${\textbackslash}{mathrmPt\_3\$} ( {\textless}i{\textgreater}T{\textless}/i{\textgreater} {=V}, Cr, Mn, Fe, and Co)},
	volume = {54},
	url = {http://link.aps.org/doi/10.1103/PhysRevB.54.1159},
	doi = {10.1103/PhysRevB.54.1159},
	number = {2},
	journal = {Phys. Rev. B},
	author = {Iwashita, Kenji and Oguchi, Tamio and Jo, Takeo},
	month = jul,
	year = {1996},
	pages = {1159\UTF{2013}1162}
},

@article{marini_plane-wave_2001,
	title = {Plane-wave {DFT-LDA} calculation of the electronic structure and absorption spectrum of copper},
	volume = {64},
	journal = {Phys. Rev. B},
	author = {Marini, A. and Onida, G. and Sole, R. del},
	year = {2001},
	pages = {195125}
},

@article{aryasetiawan_product-basis_1994,
	title = {Product-basis method for calculating dielectric matrices},
	volume = {49},
	journal = {Phys. Rev. B},
	author = {Aryasetiawan, F. and Gunnarsson, O.},
	year = {1994},
	pages = {16214}
},

@article{blochl_projector_1994,
	title = {Projector augmented-wave method},
	volume = {50},
	journal = {Phys. Rev. B},
	author = {Blochl, P. E.},
	year = {1994},
	pages = {17953}
},

@article{rohlfing_quasiparticle_1995,
	title = {Quasiparticle Band Structure of {CdS}},
	volume = {75},
	journal = {Phys. Rev. Lett.},
	author = {Rohlfing, M. and Kruger, P. and Pollmann, J.},
	year = {1995},
	pages = {3489}
},

@article{marini_quasiparticle_2001,
	title = {Quasiparticle Electronic Structure of Copper in the {\$GW\$} Approximation},
	volume = {88},
	doi = {10.1103/PhysRevLett.88.016403},
	journal = {Phys. Rev. Lett.},
	author = {Marini, Andrea and Onida, Giovanni and Del Sole, Rodolfo},
	month = dec,
	year = {2001},
	pages = {016403}
},

@article{marini_quasiparticle_2002,
	title = {Quasiparticle Electronic Structure of Copper in the {GW} Approximation},
	volume = {88},
	journal = {Phys. Rev. Lett.},
	author = {Marini, A. and Onida, G. and Sole, R. Del},
	year = {2002},
	pages = {016403}
},

@article{chantis_quasiparticle_2007,
	title = {Quasiparticle self-consistent {GW} method applied to localized 4f electron   systems},
	volume = {76},
	issn = {1098-0121},
	doi = {10.1103/PhysRevB.76.165126},
	number = {16},
	journal = {Physical Review B},
	author = {Chantis, Athanasios N. and van Schilfgaarde, Mark and Kotani, Takao},
	month = oct,
	year = {2007},
	note = {{WOS:000250620600048}},
	keywords = {antiferromagnetic, band, compounds, compounds;, density, erbium, erbium;, europium, Fermi, ferromagnetic, functional, gadolinium, germanium;, materials;, metal-insulator, quasiparticles;, structure;, surface;, theory;, transition;, ytterbium}
},

@article{kotani_quasiparticle_2007,
	title = {Quasiparticle self-consistent {GW} method: A basis for the   independent-particle approximation},
	volume = {76},
	issn = {1098-0121},
	doi = {10.1103/PhysRevB.76.165106},
	abstract = {We have developed a type of self-consistent scheme within the {GW} approximation, which we call quasiparticle self-consistent {GW} {(QSGW).} We have shown that {QSGW} describes energy bands for a wide range of materials rather well, including many where the local-density approximation fails. {QSGW} contains physical effects found in other theories such as {LDA+U}, self-interaction correction, and {GW} in a satisfactory manner without many of their drawbacks (partitioning of itinerant and localized electrons, adjustable parameters, ambiguities in double counting, etc.). We present some theoretical discussion concerning the formulation of {QSGW}, including a prescription for calculating the total energy. We also address several key methodological points needed for implementation. We then show convergence checks and some representative results in a variety of materials.},
	number = {16},
	journal = {Physical Review B},
	author = {Kotani, Takao and van Schilfgaarde, Mark},
	month = oct,
	year = {2007},
	note = {{WOS:000250620600028}},
	keywords = {calculations;, density, energy, functional, localised, quasiparticles;, {SCF}, states;, theory;, total},
	file = {PhysRevB.76.165106.pdf:files/260/PhysRevB.76.165106.pdf:application/pdf}
},

@article{van_schilfgaarde_quasiparticle_2006,
	title = {Quasiparticle self-consistent {GW} theory},
	volume = {96},
	issn = {0031-9007},
	doi = {10.1103/PhysRevLett.96.226402},
	number = {22},
	journal = {Physical Review Letters},
	author = {van Schilfgaarde, M. and Kotani, T. and Faleev, S.},
	month = jun,
	year = {2006},
	note = {{WOS:000238161400044}},
	keywords = {ab, alkali, calculations;, compounds;, earth, electronic, function, Green's, initio, insulators;, metal, metals;, methods;, perturbation, quasiparticles;, rare, {SCF}, {SEMICONDUCTORS;}, structure;, theory, transition},
	file = physrevlett_96_226402.pdf:files/256/physrevlett_96_226402.pdf:application/pdf
},

@article{kotani_re-examination_2009,
	title = {Re-examination of half-metallic ferromagnetism for doped {LaMnO} 3 in a quasiparticle self-consistent {GW} method},
	volume = {21},
	url = {http://stacks.iop.org/0953-8984/21/i=26/a=266002},
	number = {26},
	journal = {Journal of Physics: Condensed Matter},
	author = {Kotani, Takao and Kino, Hiori},
	year = {2009},
	pages = {266002}
},

@article{schone_self-consistent_1998,
	title = {Self-Consistent Calculations of Quasiparticle States in Metals and Semiconductors},
	volume = {81},
	journal = {Phys. Rev. Lett.},
	author = {Sch\UTF{00F6}ne, W. D. and Eguiluz, A. G.},
	year = {1998},
	pages = {1662}
},

@article{kohn_self-consistent_1965,
	title = {Self-Consistent Equations Including Exchange and Correlation Effects},
	volume = {140},
	doi = {10.1103/PhysRev.140.A1133},
	number = {{4A}},
	journal = {Phys. Rev.},
	author = {Kohn, W. and Sham, L. J.},
	month = nov,
	year = {1965},
	pages = {A1133\UTF{2013}A1138}
},

@article{zein_self-consistent_2002,
	title = {Self-Consistent Green Function Approach for Calculation of Electronic Structure in Transition Metals},
	volume = {89},
	journal = {Phys. Rev. Lett.},
	author = {Zein, N. E. and Antropov, V. P.},
	year = {2002},
	pages = {126402}
},

@article{gygi_self-consistent_1986,
	title = {Self-consistent Hartree-Fock and screened-exchange calculations in solids: Application to silicon},
	volume = {34},
	doi = {10.1103/PhysRevB.34.4405},
	journal = {Phys. Rev. B},
	author = {Gygi, F. and Baldereschi, A.},
	month = sep,
	year = {1986},
	pages = {4405}
},

@article{belashchenko_self-consistent_2006,
	title = {Self-consistent local {GW} method: Application to 3d and 4d metals},
	volume = {73},
	journal = {Phys. Rev. B},
	author = {Belashchenko, K. D. and Antropov, V. P. and Zein, N. E.},
	year = {2006},
	pages = {073105}
},

@article{hamada_self-energy_1990,
	title = {Self-energy correction for the energy bands of silicon by the full-potential linearized augmented-plane-wave method: Effect of the valence-band polarization},
	volume = {41},
	journal = {Phys. Rev. B},
	author = {Hamada, N. and Hwang, M. and Freeman, A. J.},
	year = {1990},
	keywords = {\&\#150;, {APPROXIMATION}, {APW}, band, bands;, calculations;, conduction, {COULOMB}, density, {DIELECTRIC}, energy;, {FIELD;}, functional, method;, {PHASE}, {PLASMONS;}, {PROPERTIES;}, {RANDOM}, {SCREENING;}, {SELF}, {SILICON;}, structure;, valence},
	pages = {3620--3626}
},

@article{aryasetiawan_self-energy_1992,
	title = {Self-Energy of Ni in the {\$GW\$} approximation},
	volume = {46},
	journal = {Phys. Rev. B},
	author = {Aryasetiawan, F.},
	year = {1992},
	pages = {13051}
},

@article{godby_self-energy_1988,
	title = {Self-energy operators and exchange-correlation potentials in semiconductors},
	volume = {37},
	doi = {10.1103/PhysRevB.37.10159},
	journal = {Phys. Rev. B},
	author = {Godby, R. W. and Schl\UTF{00FC}ter, M. and Sham, L. J.},
	month = jun,
	year = {1988},
	pages = {10159\UTF{2013}10175}
},

@article{soler_simple_1989,
	title = {Simple formula for the atomic forces in the augmented-plane-wave method},
	volume = {40},
	doi = {10.1103/PhysRevB.40.1560},
	number = {3},
	journal = {Phys. Rev. B},
	author = {Soler, Jos\UTF{00E9} M. and Williams, Arthur R.},
	month = jul,
	year = {1989},
	pages = {1560\UTF{2013}1564}
},

@article{kotani_spin_2008,
	title = {Spin wave dispersion based on the quasiparticle self-consistent {GW} method: {NiO}, {MnO} and alpha-{MnAs}},
	volume = {20},
	number = {29},
	journal = {{JOURNAL} {OF} {PHYSICS-CONDENSED} {MATTER}},
	author = {Kotani, Takao and van Schilfgaarde, Mark},
	year = {2008}
},

@article{liborio_stability_2005,
	title = {Stability of Sr adatom model structures for {SrTiO3(001)} surface reconstructions},
	volume = {17},
	url = {http://stacks.iop.org/0953-8984/17/L223},
	abstract = {We report results of first-principles calculations on the thermodynamic stability of different Sr adatom structures that have been proposed to explain some of the observed reconstructions of the (001) surface of strontium titanate {(Kubo} and Nozoye 2003 Surf. Sci. 542 177). From surface free energy calculations, a phase diagram is constructed indicating the range of conditions over which each structure is most stable. These results are compared with Kubo and Nozoye's experimental observations. It is concluded that low Sr adatom coverage structures can only be explained if the surface is far from equilibrium. Intermediate coverage structures are stable only if the surface is in or very nearly in equilibrium with the strontium oxide.},
	number = {23},
	journal = {Journal of Physics: Condensed Matter},
	author = {Liborio, Leandro M. and Sanchez, Cristian G. and Paxton, Anthony T. and Finnis, Michael W.},
	year = {2005},
	pages = {L223--L230}
},

@article{vidal_strong_2010,
	title = {Strong Interplay between Structure and Electronic Properties in {CuIn(S,Se)\_{2}:} A First-Principles Study},
	volume = {104},
	shorttitle = {Strong Interplay between Structure and Electronic Properties in {CuIn(S,Se)\_{2}}},
	url = {http://link.aps.org/doi/10.1103/PhysRevLett.104.056401},
	doi = {10.1103/PhysRevLett.104.056401},
	abstract = {We present a first-principles study of the electronic properties of {CuIn(S,Se)2} {(CIS)} using state-of-the-art self-consistent {GW} and hybrid functionals. The calculated band gap depends strongly on the anion displacement u, an internal structural parameter that measures lattice distortion. This contrasts with the observed stability of the band gap of {CIS} solar panels under operating conditions, where a relatively large dispersion of values for u occurs. We solve this apparent paradox considering the coupled effect on the band gap of copper vacancies and lattice distortions. The correct treatment of d electrons in these materials requires going beyond density functional theory, and {GW} self-consistency is critical to evaluate the quasiparticle gap and the valence band maximum.},
	number = {5},
	urldate = {2012-10-23},
	journal = {Physical Review Letters},
	author = {Vidal, Julien and Botti, Silvana and Olsson, P\UTF{00E4}r and Guillemoles, Jean-Fran\UTF{00E7}ois and Reining, Lucia},
	year = {2010},
	pages = {056401},
	file = {APS Full Text PDF:files/520/Vidal et al. - 2010 - Strong Interplay between Structure and Electronic .pdf:application/pdf;APS Snapshot:files/506/e056401.html:text/html;APS Snapshot:files/515/e056401.html:text/html}
},

@article{paier_perdew-burke-ernzerhof_2005,
	title = {The Perdew-Burke-Ernzerhof exchange-correlation functional applied to the G2-1 test set using a plane-wave basis set.},
	volume = {122},
	number = {23},
	journal = {J Chem Phys},
	author = {Paier, J. and Hirschl, R. and Marsman, M. and Kresse, G.},
	year = {2005},
	pages = {234102}
},

@book{pines_theory_1966,
	title = {The Theory of Quantum Liquid. Vol I},
	publisher = {{W.A.Benjamin} Inc., New York},
	author = {Pines, D. and Nozieres, P.},
	year = {1966}
},

@inproceedings{schilfgaarde_tight-binding_1998,
	title = {Tight-binding linear muffin-tin orbital implementation of the difference equation Green's function approach for {2D-periodic} systems},
	volume = {491},
	booktitle = {Tight-Binding Approach to Computational Materials Science},
	publisher = {Warrendale, {PA}, {USA}},
	author = {Schilfgaarde, M. van and Lambrecht, W. R. L.},
	editor = {Turchi, P. E. A. and Gonis, A. and Colombo, L.},
	year = {1998},
	pages = {137}
},

@article{holm_total_1999,
	title = {Total Energies from {GW} Calculations},
	volume = {83},
	journal = {Phys. Rev. Lett},
	author = {Holm, B.},
	year = {1999},
	pages = {788}
},

@article{miyake_total_2002,
	title = {Total energy of solids: An exchange and random-phase approximation   correlation study},
	volume = {66},
	issn = {1098-0121},
	doi = {10.1103/PhysRevB.66.245103},
	abstract = {Total energies of solids are calculated by an ab initio method based on the Green's-function theory. Green's function is constructed from one-body wave functions and eigenvalues obtained in the local-density approximation {(LDA)} to density-functional theory, and the correlation energy is estimated within the random-phase approximation. The scheme is applied to Na and Si. In both cases, the equilibrium lattice constants are in reasonable agreement with experiments. The role of the exchange-correlation energy in the total-energy curve is discussed in detail in comparison with the {LDA.}},
	number = {24},
	journal = {Physical Review B},
	author = {Miyake, T. and Aryasetiawan, F. and Kotani, T. and van Schilfgaarde, M. and Usuda, M. and Terakura, K.},
	month = dec,
	year = {2002},
	note = {{WOS:000180319200022}}
},

@article{car_unified_1985,
	title = {Unified Approach for Molecular Dynamics and Density-Functional Theory},
	volume = {55},
	journal = {Phys. Rev. Lett.},
	author = {Car, R. and Parrinello, M.},
	year = {1985},
	pages = {2471}
},

@article{caruso_unified_2012,
	title = {Unified description of ground and excited states of finite systems: The self-consistent {GW} approach},
	volume = {86},
	shorttitle = {Unified description of ground and excited states of finite systems},
	url = {http://link.aps.org/doi/10.1103/PhysRevB.86.081102},
	doi = {10.1103/PhysRevB.86.081102},
	abstract = {{GW} calculations with a fully self-consistent Green's function G and screened interaction W—based on the iterative solution of the Dyson equation—provide a consistent framework for the description of ground- and excited-state properties of interacting many-body systems. We show that for closed-shell systems self-consistent {GW} reaches the same final Green's function regardless of the initial reference state. Self-consistency systematically improves ionization energies and total energies of closed-shell systems compared to {G0W0} based on Hartree-Fock and (semi)local density-functional theory. These improvements also translate to the electron density, as exemplified by an improved description of dipole moments, and permit us to assess the quality of ground-state properties such as bond lengths and vibrational frequencies.},
	number = {8},
	urldate = {2012-10-23},
	journal = {Physical Review B},
	author = {Caruso, F. and Rinke, P. and Ren, X. and Scheffler, M. and Rubio, A.},
	year = {2012},
	pages = {081102},
	file = {APS Snapshot:files/525/e081102.html:text/html}
},

@article{fujimori_valence-band_1984,
	title = {Valence-band photoemission and optical absorption in nickel compounds},
	volume = {30},
	doi = {10.1103/PhysRevB.30.957},
	number = {2},
	journal = {Phys. Rev. B},
	author = {Fujimori, Atsushi and Minami, Fujio},
	month = jul,
	year = {1984},
	pages = {957\UTF{2013}971}
},

@article{dahlen_variational_2004,
	title = {Variational energy functionals tested on atoms},
	volume = {69},
	journal = {Phys. Rev. B},
	author = {Dahlen, Nils Erik and Barth, Ulf von},
	year = {2004}
},

@article{schindlmayr_violation_1997,
	title = {Violation of particle number conservation in the {GW} approximation},
	volume = {56},
	journal = {Phys. Rev. B},
	author = {Schindlmayr, A.},
	year = {1997},
	pages = {3528}
},
@article{hamann09,
  title = {Maximally localized Wannier functions for GW quasiparticles},
  author = {Hamann, D. R. and Vanderbilt, David},
  journal = {Phys. Rev. B},
  volume = {79},
  issue = {4},
  pages = {045109},
  numpages = {9},
  year = {2009},
  month = {Jan},
  doi = {10.1103/PhysRevB.79.045109},
  url = {http://link.aps.org/doi/10.1103/PhysRevB.79.045109},
  publisher = {American Physical Society}
}

@article{ISI:000257325900034,
Author = {Kotani, Takao and van Schilfgaarde, Mark},
Title = {{Spin wave dispersion based on the quasiparticle self-consistent GW
   method: NiO, MnO and alpha-MnAs}},
Journal = {{JOURNAL OF PHYSICS-CONDENSED MATTER}},
Year = {{2008}},
Volume = {{20}},
Number = {{29}},
Article-Number = {{295214}},
}
@article{0953-8984-21-26-266002,
  author={Takao Kotani and Hiori Kino},
  title={Re-examination of half-metallic ferromagnetism for doped LaMnO 3 in a quasiparticle self-consistent GW method},
  journal={Journal of Physics: Condensed Matter},
  volume={21},
  number={26},
  pages={266002},
  url={http://stacks.iop.org/0953-8984/21/i=26/a=266002},
  year={2009},
}
	
@article{PhysRevB.83.081101,
  volume = {83},
  journal = {Phys. Rev. B},
  month = {Feb},
  numpages = {4},
  author = {Friedrich, Christoph and M\"uller, Mathias C. and Bl\"{u}gel, Stefan},
  title = {Band convergence and linearization error correction of all-electron $\mathit{GW}$ calculations: The extreme case of zinc oxide},
  year = {2011},
  url = {http://link.aps.org/doi/10.1103/PhysRevB.83.081101},
  doi = {10.1103/PhysRevB.83.081101},
  issue = {8},
  publisher = {American Physical Society},
  pages = {081101}
}

@article{weinert81,
journal={J. Math. Phys.},
volume={22}, 
page={2433},
year={1981},
author={M. Weinert}
}

@misc{privatemark1,
Author={van Schilfgaarde, Mark},
note={Private communication: the head part of the smooth Hankel functions are difficult to be expanded
in the series of polynomials accurately.}
}
@article{soler93,
  volume={47},
  pages={6784-6786},
  author = {Soler, Jos\'e M. and Williams, Arthur R.},
  journal = {Phys. Rev. B},
  year={1993}
}  
@article{PhysRevB.43.6388,
  volume = {43},
  journal = {Phys. Rev. B},
  month = {Mar},
  author = {Singh, David},
  title = {Ground-state properties of lanthanum: Treatment of extended-core states},
  year = {1991},
  url = {http://link.aps.org/doi/10.1103/PhysRevB.43.6388},
  doi = {10.1103/PhysRevB.43.6388},
  issue = {8},
  publisher = {American Physical Society},
  pages = {6388--6392}
}

@Article{kotanimol2011,
  title = {},
  author = {Kotani, Takao  and Kino,Hiori},
  journal = {'The augmented plane-wave and muffin-tin ofbital method with the PBE exchange-correlation applied to molecules from H2 through Kr$_2$'
(submitted simultaneously with this manuscript)},
  volume = {},
  number = {},
  pages = {},
  year = {},
  month = {}
}
@Article{kotanipmttheory2011,
  title = {},
  author = {Kotani, Takao  and Kino,Hiori and Akai,Hisazumi},
  journal = {'Formulation of the augmentd plane-wave and muffin-tin orbital method'(submitted simultanenously with this manuscript)},
  volume = {},
  number = {},
  pages = {},
  year = {},
  month = {}
}

@article{pulay69,
 author={P.Pulay},
 journal={Mol. Phys.},
 volume={17},
 page={197},
 year={1969}
}

@article{PhysRevB.54.1159,
  journal = {Phys. Rev. B},
  month = {Jul},
  doi = {10.1103/PhysRevB.54.1159},
  issue = {2},
  author = {Iwashita, Kenji and Oguchi, Tamio and Jo, Takeo},
  title = {Orbital and spin magnetic moments of         \textit{T}      ${\mathrm{Pt}}_{3}$ (        \textit{T}      =V, Cr, Mn, Fe, and Co)},
  year = {1996},
  url = {http://link.aps.org/doi/10.1103/PhysRevB.54.1159},
  publisher = {American Physical Society},
  pages = {1159--1162},
  volume = {54}
}

@inbook{bluegel31,
author={Stefan Bl\"{u}gel and Gustav Bihlmayer},
publisher={John von Neumann Institute for Computing, J\"ulich},
booktitle={Computational Nanoscience: Do It Yourself! NIC Series Vol. 31},
editor={J. Grotendorst, S. Bl\"{u}gel, D. Marx},
pages={85-129}, 
web={http://www2.fz-juelich.de/nic-series/volume31/bluegel.pdf},
year={2006}
}

@book{Singhbook,
author={D. J. Singh},
publisher={Kluwer Academic, Boston},
year={1994},
booktitle={Planewaves, Pseudopotential, and the LAPW Method}
}

@misc{eal,
note={These reference energies $\eal$ and $\eallo$ are given
in the following manner. For the $al$ channel without elo/lo, 
we set $\eal$ at the center of gravity for partial density of
states for occupied states. For the $al$ channel with elo/lo, 
we set $\eal$ at the top of valence, and set
$\eallo$ at the center of gravity.}
}

@book{rmartinbook,
  author = 	 {R. Martin},
  publisher = 	 {Cambridge University Press},
  year = 	 {2000},
  booktitle =    {Electronic structure: basic theory and practical methods}
}

@article{paier2005the,
title={The Perdew-Burke-Ernzerhof exchange-correlation functional applied to the G2-1 test set using a plane-wave basis set.},
author={Paier, J. and Hirschl, R. and Marsman, M. and Kresse, G.},
journal={J Chem Phys},
volume={122},
number={23},
pages={234102},
year={2005}
}
 
@article{pbe,
  journal = {Phys. Rev. Lett.},
  month = {Oct},
  url = {http://link.aps.org/doi/10.1103/PhysRevLett.77.3865},
  publisher = {American Physical Society},
  author = {Perdew, John P. and Burke, Kieron and Ernzerhof, Matthias},
  title = {Generalized Gradient Approximation Made Simple},
  year = {1996},
  pages = {3865--3868},
  volume = {77},
  doi = {10.1103/PhysRevLett.77.3865},
  issue = {18}
}

@Article{noncolflapw,
  title = {Ab initio treatment of noncollinear magnets with the full-potential linearized augmented plane wave method},
  author = {Kurz, Ph.  and F\"{o}rster, F.  and Nordstr\"{o}m, L.  and Bihlmayer, G.  and Bl\"{u}gel, S. },
  journal = {Phys. Rev. B},
  volume = {69},
  number = {2},
  pages = {024415},
  numpages = {15},
  year = {2004},
  month = {Jan},
  doi = {10.1103/PhysRevB.69.024415},
  publisher = {American Physical Society}
}

@Article{whitebird,
  title = {Implementation of gradient-corrected exchange-correlation potentials in Car-Parrinello total-energy calculations},
  author = {White, J. A. and Bird, D. M.},
  journal = {Phys. Rev. B},
  volume = {50},
  number = {7},
  pages = {4954--4957},
  numpages = {3},
  year = {1994},
  month = {Aug},
  doi = {10.1103/PhysRevB.50.4954},
  publisher = {American Physical Society}
}
@Article{harris85,
  author = {Harris, J},
  journal = {Phys. Rev. B},
  volume = {31},
  pages = {1770},
  year = {1985}
}

@Article{pmt1,
  title = {Fusion of the LAPW and LMTO methods: The augmented plane wave plus muffin-tin orbital method},
  author = {Kotani, Takao  and van Schilfgaarde, Mark },
  journal = {Phys. Rev. B},
  volume = {81},
  number = {12},
  pages = {125117},
  numpages = {5},
  year = {2010},
  month = {Mar},
  doi = {10.1103/PhysRevB.81.125117},
  publisher = {American Physical Society}
}

@Article{filippi94,
  title = {All-electron local-density and generalized-gradient calculations of the structural properties of semiconductors},
  author = {Filippi, C.  and Singh, D. J. and Umrigar, C. J.},
  journal = {Phys. Rev. B},
  volume = {50},
  number = {20},
  pages = {14947--14951},
  numpages = {4},
  year = {1994},
  month = {Nov},
  doi = {10.1103/PhysRevB.50.14947},
  publisher = {American Physical Society}
}

@article{liborio05,
  author={Leandro M Liborio and Cristian G Sanchez and Anthony T Paxton and Michael W Finnis},
  title={Stability of Sr adatom model structures for SrTiO3(001) surface reconstructions},
  journal={Journal of Physics: Condensed Matter},
  volume={17},
  number={23},
  pages={L223-L230},
  url={http://stacks.iop.org/0953-8984/17/L223},
  year={2005},
  abstract={We report results of first-principles calculations on the thermodynamic stability of different Sr adatom structures that have been proposed to explain some of the observed reconstructions of the (001) surface of strontium titanate (Kubo and Nozoye 2003 Surf. Sci. 542 177). From surface free energy calculations, a phase diagram is constructed indicating the range of conditions over which each structure is most stable. These results are compared with Kubo and Nozoye's experimental observations. It is concluded that low Sr adatom coverage structures can only be explained if the surface is far from equilibrium. Intermediate coverage structures are stable only if the surface is in or very nearly in equilibrium with the strontium oxide.}
}


@Article{Stixrude94,
  title = {Iron at high pressure: Linearized-augmented-plane-wave computations in the generalized-gradient approximation},
  author = {Stixrude, Lars  and Cohen, R. E. and Singh, D. J.},
  journal = {Phys. Rev. B},
  volume = {50},
  number = {9},
  pages = {6442--6445},
  numpages = {3},
  year = {1994},
  month = {Sep},
  doi = {10.1103/PhysRevB.50.6442},
  publisher = {American Physical Society}
}


@Article{khein95,
  title = {All-electron study of gradient corrections to the local-density functional in metallic systems},
  author = {Khein, Alexander  and Singh, D. J. and Umrigar, C. J.},
  journal = {Phys. Rev. B},
  volume = {51},
  number = {7},
  pages = {4105--4109},
  numpages = {4},
  year = {1995},
  month = {Feb},
  doi = {10.1103/PhysRevB.51.4105},
  publisher = {American Physical Society}
}



@Article{souza01,
  title = {Maximally localized Wannier functions for entangled energy bands},
  author = {Souza, Ivo  and Marzari, Nicola  and Vanderbilt, David },
  journal = {Phys. Rev. B},
  volume = {65},
  number = {3},
  pages = {035109},
  numpages = {13},
  year = {2001},
  month = {Dec},
  doi = {10.1103/PhysRevB.65.035109},
  publisher = {American Physical Society}
}


@Article{localorbital,
author={E. Sjostedt, L. Nordstrom, D. J. Singh},
title={An alternative way of linearizing the augmented plane-wave method},
journal={Solid State Communications},
volume={114}, 
 pages={15--20},
 year={2000}
}



@Article{vbarth72,
  author={U. von Barth and L. Hedin}, 
  volume={5},
  pages={1692},
  journal={J. Phys. C},
  year={1972}
}

@Article{vwn,
  author={S. H. Vosko, L. Wilk and M. Nusair}, 
  volume={58},
  pages={1200},
  journal={Can. J. Phys.},
  year={1980}
}

@Article{liu94,
  title = {Linearized-augmented-plane-wave method with Car-Parrinello scaling},
  author = {Liu, Amy Y. and Singh, David J. and Krakauer, Henry },
  journal = {Phys. Rev. B},
  volume = {49},
  number = {24},
  pages = {17424--17427},
  numpages = {3},
  year = {1994},
  month = {Jun},
  doi = {10.1103/PhysRevB.49.17424},
  publisher = {American Physical Society}
}


@Article{soler89,
  title = {Simple formula for the atomic forces in the augmented-plane-wave method},
  author = {Soler, Jos\'e M. and Williams, Arthur R.},
  journal = {Phys. Rev. B},
  volume = {40},
  number = {3},
  pages = {1560--1564},
  numpages = {4},
  year = {1989},
  month = {Jul},
  doi = {10.1103/PhysRevB.40.1560},
  publisher = {American Physical Society}
}
@Article{soler90,
  author = {Soler, Jos\'e M. and Williams, Arthur R.},
  journal = {Phys. Rev. B},
  volume = {42},
  pages = {9728},
  year = {1990},
}



@Article{kresse99,
  title = {From ultrasoft pseudopotentials to the projector augmented-wave method},
  author = {Kresse, G.  and Joubert, D. },
  journal = {Phys. Rev. B},
  volume = {59},
  number = {3},
  pages = {1758--1775},
  numpages = {17},
  year = {1999},
  month = {Jan},
  doi = {10.1103/PhysRevB.59.1758},
  publisher = {American Physical Society}
}



@Article{ks65,
  title = {Self-Consistent Equations Including Exchange and Correlation Effects},
  author = {Kohn, W.  and Sham, L. J.},
  journal = {Phys. Rev.},
  volume = {140},
  number = {4A},
  pages = {A1133--A1138},
  numpages = {5},
  year = {1965},
  month = {Nov},
  doi = {10.1103/PhysRev.140.A1133},
  publisher = {American Physical Society}
}


@ARTICLE{Andersen75,
   author = "O. K. Andersen",
   year = "1975",
   title = "Linear methods in band theory",
   journal = "Phys. Rev. B",
   volume = "12",
   pages = "3060"
}

@ARTICLE{Andersen84,
   author = "O. K. Andersen and O. Jepsen",
   year = "1984",
   title = "Explicit, First-Principles Tight-Binding Theory",
   journal = "Phys. Rev. Lett.",
   volume = "53",
   pages = "2571"
}

@UNPUBLISHED{nfpmanual,
  author = {M. Mesfessel and M. van Schilfgaarde},
  note = { 'NFP manual 1.01 Oct 10,1997'. NFP is previous 
to the current LMTO package lmf maintained by M. van Schilfgaarde.}
}

@InProceedings{lmfchap,
  author = 	 {M. Methfessel and M. van Schilfgaarde and R. A. Casali},
  editor = 	 {H. Dreysse},
  title = 	 {Electronic Structure and Physical Properties of Solids: The Uses of the LMTO Method},
  publisher = 	 {Springer-Verlag, Berlin},
  year = 	 {2000},
  volume = 	 {535},
  booktitle =    {Lecture Notes in Physics}
}


@InProceedings{nmto,
  author =       "O. K. Andersen and T. Saha-Dasgupta and R. W. Tank and G. K. C. Arcangeli O. Jepsen",
  editor = 	 {H. Dreysse},
  title = 	 {Electronic Structure and Physical Properties of Solids: The Uses of the LMTO Method},
  publisher = 	 {Springer-Verlag, Berlin},
  year = 	 {2000},
  chap =         {Developing the MTO Formalism},
  volume = 	 {535},
  booktitle =    {Lecture Notes in Physics},
}

@ARTICLE{Huhne98,
   author = "T. Huhne and C. Zecha and H. Ebert and P. H. Dederichs and R. Zeller",
   year = "1998",
   journal = "Phys. Rev. B",
   title = "Full-potential spin-polarized relativistic Korringa-Kohn-Rostoker method implemented and applied to bcc Fe, fcc Co, and fcc Ni",
   volume = "58",
   pages = "10236"
}

@ARTICLE{PAW,
   author = {P. E. Bl\"{o}chl},
   year = "1994",
   journal = "Phys. Rev. B",
   title = "Projector augmented-wave method",
   volume = "50",
   pages = "17953"
}

@ARTICLE{molforce,
   author = "M. Methfessel and M. van Schilfgaarde",
   year = "1993",
   journal = "Phys. Rev. B",
   title = "Derivation of Force Theorems in Density-Functional Theory",
   volume = "48",
   pages = "4937"
}

@ARTICLE{Car85,
   author = "R. Car and M. Parrinello",
   year = "1985",
   journal = "Phys. Rev. Lett.",
   title = "Unified Approach for Molecular Dynamics and Density-Functional Theory",
   volume = "55",
   pages = "2471"
}

@ARTICLE{VASPa,
   author = "G. Kresse and J. Hafner",
   year = "1993",
   journal = "Phys. Rev. B",
   title = "Ab initio molecular dynamics for liquid metals",
   volume = "47",
   pages = "558"
}

@ARTICLE{Bott98,
   author = "E. Bott and M. Methfessel and W. Krabs and P. C. Schmidt",
   year = "1998",
   journal = "J. Math. Phys.",
   title = "Nonsingular Hankel functions as a new basis for electronic structure calculations",
   volume = "39",
   pages = "3393"
}


@article{fleurtransport,
  title = {Full-potential linearized augmented plane-wave method for one-dimensional systems: Gold nanowire and iron monowires in a gold tube},
  author = {Mokrousov, Y. and Bihlmayer, G. and Bl\"{u}gel, S.},
  journal = {Phys. Rev. B},
  volume = {72},
  issue = {4},
  pages = {045402},
  numpages = {15},
  year = {2005},
  month = {Jul},
  publisher = {American Physical Society},
  doi = {10.1103/PhysRevB.72.045402},
  url = {http://link.aps.org/doi/10.1103/PhysRevB.72.045402}
}


@conference{pgf98,
   author    = {M. van Schilfgaarde and W. R. L. Lambrecht},
   title     = {Tight-binding linear muffin-tin orbital implementation of the difference equation Green's function approach for 2D-periodic systems},
   booktitle = {Tight-Binding Approach to Computational Materials Science},
   organization = {Mater. Res. Soc.},
   volume    = {491},
   year      = {1998},
   editor    = {P.~E.~A. Turchi and A. Gonis and L. Colombo},
   publisher = {Warrendale, PA, USA},
   pages     = {137},
   annote    = {annot conference}
}

@UNPUBLISHED{qpscgwpap,
   author = "Mark van Schilfgaarde and Takao Kotani and Sergey Faleev",
   title = "QuasiParticle Self-Consistent $GW$ Theory",
   year = 2005,
   note = "cond-mat/0510408 preprint"
}

@ARTICLE{Methfessel93,
   author = "M. Methfessel and M. van Schilfgaarde and M. Scheffler",
   journal = "Phys. Rev. Lett.",
   title = "Electronic structure and bonding in the metallocarbohedrene Ti$_8$C$_{12}$",
   volume = "70",
   pages = "29",
   year = "1993"
}
@article{blum_ab_2009,
	title = {Ab initio molecular simulations with numeric atom-centered orbitals},
	volume = {180},
	issn = {0010-4655},
	url = {http://www.sciencedirect.com/science/article/pii/S0010465509002033},
	doi = {10.1016/j.cpc.2009.06.022},
	number = {11},
	urldate = {2012-10-25},
	journal = {Computer Physics Communications},
	author = {Blum, Volker and Gehrke, Ralf and Hanke, Felix and Havu, Paula and Havu, Ville and Ren, Xinguo and Reuter, Karsten and Scheffler, Matthias},
	month = nov,
	year = {2009},
	keywords = {Ab initio molecular simulations, Atom-centered basis functions, Density-functional theory, {GW} self-energy, {Hartree\UTF{2013}Fock}, {MP2}, {O(N)} {DFT}},
	pages = {2175--2196},
	file = {ScienceDirect Full Text PDF:files/496/Blum et al. - 2009 - Ab initio molecular simulations with numeric atom-.pdf:application/pdf;ScienceDirect Snapshot:files/497/S0010465509002033.html:text/html}
}

@article{shaltaf:186401,
author = {R. Shaltaf and G.-M. Rignanese and X. Gonze and Feliciano Giustino and Alfredo Pasquarello},
collaboration = {},
title = {Band Offsets at the Si/SiO[sub 2] Interface from Many-Body Perturbation Theory},
publisher = {APS},
year = {2008},
journal = {Physical Review Letters},
volume = {100},
number = {18},
eid = {186401},
numpages = {4},
pages = {186401},
url = {http://link.aps.org/abstract/PRL/v100/e186401},
doi = {10.1103/PhysRevLett.100.186401}
}




@article{lukashev:195202,
author = {Pavel Lukashev and Walter R. L. Lambrecht and Takao Kotani and Mark van Schilfgaarde},
collaboration = {},
title = {Electronic and crystal structure of Cu[sub 2 - x]S: Full-potential electronic structure calculations},
publisher = {APS},
year = {2007},
journal = {Physical Review B (Condensed Matter and Materials Physics)},
volume = {76},
number = {19},
eid = {195202},
numpages = {14},
pages = {195202},
keywords = {conduction bands; copper compounds; crystal structure; density functional theory; electronic density of states; energy gap; Fermi level; free energy; linear muffin-tin orbital method; SCF calculations; total energy; valence bands; X-ray diffraction},
url = {http://link.aps.org/abstract/PRB/v76/e195202},
doi = {10.1103/PhysRevB.76.195202}
}




@article{chantis:165126,
author = {Athanasios N. Chantis and Mark van Schilfgaarde and Takao Kotani},
collaboration = {},
title = {Quasiparticle self-consistent GW method applied to localized 4f electron systems},
publisher = {APS},
year = {2007},
journal = {Physical Review B},
volume = {76},
number = {16},
eid = {165126},
pages = {165126},
keywords = {antiferromagnetic materials; band structure; density functional theory; erbium; erbium compounds; europium compounds; Fermi surface; ferromagnetic materials; gadolinium compounds; germanium; metal-insulator transition; quasiparticles; ytterbium compounds},
doi = {10.1103/PhysRevB.76.165126}
}



@Article{fujimori84,
  title = {Valence-band photoemission and optical absorption in nickel compounds},
  author = {Fujimori, Atsushi  and Minami, Fujio },
  journal = {Phys. Rev. B},
  volume = {30},
  number = {2},
  pages = {957--971},
  numpages = {14},
  year = {1984},
  month = {Jul},
  doi = {10.1103/PhysRevB.30.957},
  publisher = {American Physical Society}
}

@Article{kotani00,
      author="Takao Kotani",
      year="2000",
      title="Ab initio random-phase-approximation calculation of the frequency-dependent effective interaction between 3d electrons: Ni, Fe, and MnO",
      journal="J.Phys. Cond. Mat.",
      volume="12",
      page="2413"
}

@article{Muscat01,
Author = {Muscat, J. and Wander, A. and Harrison, N. M.},
Title = {On the prediction of band gaps from hybrid functional theory},
Journal = {Chemical Physics Letters},
Volume = {342},
Number = {3-4},
Pages = {397-401},
Note = {33},
Keywords = {QUANTUM MONTE-CARLO; EXCITATION-ENERGIES; ELECTRONIC-STRUCTURE;EXCHANGE; SILICON; THERMOCHEMISTRY; SEMICONDUCTORS; DIAMOND},
Year = {2001} }
 

@article{vans06,
    author = "M. van Schilfgaarde and Takao Kotani and S. Faleev",
    year = "2006",
    journal = "Phys. Rev. Lett.",
    title = "Quasiparticle self-consistent GW theory",
    volume = "96",
    pages = "226402",
}

@ARTICLE{hedin65,
   author = "L. Hedin",
   year = "1965",
   journal = "Phys. Rev.",
   title = "New Method for Calculating the One-Particle Green's Function with Application to the Electron-Gas Problem",
   volume = "139",
   pages = "A796"
}

@Article{Hybertsen86,
  title = {Electron correlation in semiconductors and insulators: {B}and gaps and quasiparticle energies},
  author = {Hybertsen, M. S. and Louie, S. G.},
  journal = {Phys. Rev. B},
  volume = {34},
  OPTnumber = {8},
  pages = {5390},
  OPTpages = {5390--5413},
  numpages = {23},
  year = {1986},
  month = {Oct},
  doi = {10.1103/PhysRevB.34.5390},
  publisher = {American Physical Society}
}

@ARTICLE{ferdi98,
   author = "F. Aryasetiawan and O. Gunnarsson",
   year = "1998",
   journal = "Rep. Prog. Phys",
   volume = "61",
   pages = "237"
}

@ARTICLE{alouani03,
   author = "S. Leb{\`e}gue and B. Arnaud and M. Alouani and P. E. Bloechl",
   year = "2003",
   journal = "Phys. Rev. B",
   volume = "67",
   title = "Implementation of an all-electron {GW} approximation based on the projector augmented wave method without plasmon pole approximation: {A}pplication to {Si, SiC, AlAs, InAs, NaH, and KH}",
   pages = "155208"
}

@ARTICLE{tiago04,
   author = "M. L. Tiago and S. Ismail-Beigi and S. G. Louie",
   year = "2004",
   journal = "Phys. Rev. B",
   title ="Effect of semicore orbitals on the electronic band gaps of {Si, Ge, and GaAs} within the {GW} approximation",
   volume = "69",
   pages = "125212"
}

@ARTICLE{Steinbeck00,
   author = "L. Steinbeck and A. Rubio and L. Reining and M. Torrent and I. D. White and R. W. Godby",
   year = "2000",
   journal = "Comput. Phys. Commun.",
   title = "Enhancements to the {GW} space-time method",
   volume = "125",
   pages = "105"
}

@ARTICLE{holm98,
   author = "B. Holm and U. von Barth",
   year = "1998",
   journal = "Phys. Rev. B",
   volume = "57",
   title ="Fully self-consistent {GW} self-energy of the electron gas",
   pages = "2108"
}

@ARTICLE{holm99,
   author = "B. Holm",
   year = "1999",
   journal = "Phys. Rev. Lett",
   title ="Total Energies from {GW} Calculations",
   volume = "83",
   pages = "788"
}

@ARTICLE{eguiluz98,
   author = "W.-D. Sch{\"o}ne and A.G. Eguiluz",
   year = "1998",
   journal = "Phys. Rev. Lett",
   volume = "81",
   pages = "1662"
}

@ARTICLE{faleev00,
   author = "S.V. Faleev and M.I. Stockman",
   year = "2000",
   journal = "Phys. Rev. B",
   volume = "62",
   pages = "16707"
}

@ARTICLE{onida02,
   author = "G. Onida and L. Reining and A. Rubio",
   year = "2002",
   journal = "Rev. Mod. Phys.",
   title = "Electronic excitations: {D}ensity-functional versus many-body {G}reen's-function approaches",
   volume = "74",
   pages = "601"
}

@ARTICLE{ferdi92,
   author = "F. Aryasetiawan",
   title ="Self-Energy of {Ni} in the {$GW$} approximation",
   journal = "Phys. Rev. B",
   volume = "46",
   pages = "13051",
   year = "1992"
}

@ARTICLE{ferdi94,
   author = "F. Aryasetiawan and O. Gunnarsson",
   journal = "Phys. Rev. Lett.",
   volume = "74",
   title ="Electronic Structure of NiO in the GW Approximation",
   pages = "3221",
   year = "1994"
}

@ARTICLE{Ferdi96,
   author = "F. Aryasetiawan and K. Karlsson",
   year = "1996",
   journal = "Phys. Rev. B",
   title = "$GW$ spectral functions of Gd and NiO",
   volume = "54",
   pages = "5353"
}

@ARTICLE{Zein02,
   author = "N. E. Zein and V. P. Antropov",
   year = "2002",
   journal = "Phys. Rev. Lett.",
   title = "Self-Consistent Green Function Approach for Calculation of Electronic Structure in Transition Metals",
   volume = "89",
   pages = "126402"
}

@ARTICLE{Faleev04,
   author = "S. V. Faleev and M. van Schilfgaarde and Takao Kotani",
   year = "2004",
   journal = "Phys. Rev. Lett.",
   title = "All-electron self-consistent {GW} approximation: {A}pplication to {Si, MnO, and NiO}",
   volume = "93",
   pages = "126406"
}

@ARTICLE{weiku02,
   author = "W. Ku and A. G. Eguiluz",
   year = "2002",
   journal = "Phys. Rev. Lett.",
   title ="Band-Gap Problem in Semiconductors Revisited: {E}ffects of Core States and Many-Body Self-Consistency",
   volume = "89",
   pages = "126401"
}

@ARTICLE{shone98,
   author = "W. D. Sch{\"o}ne and A. G. Eguiluz",
   year = "1998",
   journal = "Phys. Rev. Lett.",
   title = "Self-Consistent Calculations of Quasiparticle States in Metals and Semiconductors",
   volume = "81",
   pages = "1662"
}

@ARTICLE{weiku04,
   author = "Wei Ku and A. G. Eguiluz",
   year = "2004",
   journal = "Phys. Rev. Lett.",
   volume = "93",
   pages = "249702",
}

@ARTICLE{kotani02,
   author = "Takao Kotani and M. van Schilfgaarde",
   year = "2002",
   journal = "Solid State Commun.",
   title = "All-electron {$GW$} approximation with the mixed basis expansion based on the full-potential {LMTO} method",
   volume = "121",
   pages = "461"
}

@ARTICLE{prodbasis94,
   author = "F. Aryasetiawan and O. Gunnarsson",
   year = "1994",
   journal = "Phys. Rev. B",
   title = "Product-basis method for calculating dielectric matrices",
   volume = "49",
   pages = "16214"
}

@article{kotani07a,
author = {Takao Kotani and Mark van Schilfgaarde and Sergey V. Faleev},
collaboration = {},
title = {Quasiparticle self-consistent GW method: A basis for the independent-particle approximation},
publisher = {APS},
year = {2007},
journal = {Physical Review B},
volume = {76},
number = {16},
eid = {165106},
numpages = {24},
pages = {165106},
keywords = {density functional theory; localised states; quasiparticles; SCF calculations; total energy},
doi = {10.1103/PhysRevB.76.165106}
}

@article{kotani07b,
  author={Takao Kotani and Mark van Schilfgaarde and Sergey V Faleev and Athanasios Chantis},
  title={Quasiparticle self-consistent GW method: a short summary},
  journal={Journal of Physics: Condensed Matter},
  volume={19},
  number={36},
  pages={365236 (8pp)},
  year={2007}
}

@Article{fuchs02,
  title = {Accurate density functionals:\hskip0.3em{}\hskip0.3em{}{A}pproaches using the adiabatic-connection fluctuation-dissipation theorem},
  author = {Fuchs, M.  and Gonze, X. },
  journal = {Phys. Rev. B},
  volume = {65},
  OPTnumber = {23},
  pages = {235109},
  numpages = {4},
  year = {2002},
  month = {Jun},
  doi = {10.1103/PhysRevB.65.235109},
  publisher = {American Physical Society}
}

@ARTICLE{Maksimov89,
   author = "E. G. Maksimov and I. I. Mazin and S. Yu. Savrasov and Yu. A. Uspenski",
   year = "1989",
   journal = "J. Phys.: Condens. Matter",
   volume = "1",
   pages = "2493"
}

@ARTICLE{anisimov97,
   author = "V. I. Anisimov and F. Aryasetiawan and A. I. Lichtenstein",
   year = "1997",
   journal = "J. Phys.: Condens. Matter",
   volume = "9",
   title = {First-principles calculations of the electronic structure and spectra of strongly correlated systems: {T}he {LDA+U} method},
   pages = "767"
}

@article{mark06qsgw,
author = {M. van Schilfgaarde and T. Kotani and S. Faleev},
collaboration = {},
title = {Quasiparticle {S}elf-Consistent {GW} Theory},
publisher = {APS},
year = {2006},
journal = {Phys. Rev. Lett.},
volume = {96},
OPTnumber = {22},
eid = {226402},
numpages = {4},
pages = {226402},
keywords = {SCF calculations; Green's function methods; ab initio calculations; quasiparticles; electronic structure; alkali metals; semiconductors; insulators; transition metals; transition metal compounds; rare earth compounds; perturbation theory},
}

@ARTICLE{Bechstedt97,
   author = "F. Bechstedt and K. Tenelsen and B. Adolph and R. Del Sole",
   year = "1997",
   journal = "Phys. Rev. Lett.",
   title = "Compensation of Dynamical Quasiparticle and Vertex Corrections in Optical Spectra",
   volume = "78",
   pages = "1528"
}

@ARTICLE{Niquet04,
   author = "Y. M. Niquet and X. Gonze",
   year = "2004",
   journal = "Phys. Rev. B",
   title = "Band-gap energy in the random-phase approximation to density-functional theory",
   volume = "70",
   pages = "245115"
}

@ARTICLE{rath75,
   author = "J. Rath and A.J. Freeman",
   journal="Phys. Rev. B",
   volume ={11},
   year = "1975",
   title = "Generalized magnetic susceptibilities in metals: {A}pplication of the analytic tetrahedron linear energy method to {Sc}",
   pages ="2109"
}

@ARTICLE{mark06adeq,
   author = "M. van Schilfgaarde and T.  Kotani and S.  V.  Faleev",
   year = "2006",
   journal = "Phys. Rev. B",
   title = {{Adequacy of approximations in {\emph{GW}} theory}},
   volume = "74",
   pages = "245125"
}

@Comment Yamasaki's and Lesberg's use of offset-Gamma method for BZ integrals. 
@ARTICLE{yamasaki03,
   author = "A. Yamasaki and T. Fujiwara", 
   journal = "J. Phys. Soc. Japan",
   year ="2003",
   volume ="72",
   pages = "607"
}

@article{hamada90,
author = {N. Hamada and M. Hwang and A. J. Freeman},
collaboration = {},
title = {Self-energy correction for the energy bands of silicon by the full-potential linearized augmented-plane-wave method: {E}ffect of the valence-band polarization},
publisher = {APS},
year = {1990},
journal = {Phys. Rev. B},
volume = {41},
OPTnumber = {6},
pages = {3620-3626},
keywords = {SILICON; BAND STRUCTURE; SELF &#150; ENERGY; APW CALCULATIONS; COULOMB FIELD; SCREENING; DENSITY FUNCTIONAL METHOD; DIELECTRIC PROPERTIES; PLASMONS; VALENCE BANDS; CONDUCTION BANDS; RANDOM PHASE APPROXIMATION},
}

@ARTICLE{Schindlmayr97,
   author = "A. Schindlmayr",
   year = "1997",
   journal = "Phys. Rev. B",
   title = "Violation of particle number conservation in the {GW} approximation",
   volume = "56",
   pages = "3528"
}

@ARTICLE{Schindlmayr01,
   author = "A. Schindlmayr and P. Garcia and R. W. Godby",
   year = "2001",
   journal = "Phys. Rev. B",
   title = "Diagrammatic self-energy approximations and the total particle number",
   volume = "64",
   pages = "235106"
}

@ARTICLE{Fleszar05,
   author = "A. Fleszar and W. Hanke",
   year = "2005",
   journal = "Phys. Rev. B",
   title = "Electronic structure of {IIB-VI} semiconductors in the {GW} approximation",
   volume = "71",
   pages = "045207"
}

@ARTICLE{Rohlfing95,
   author = "M. Rohlfing and P. Kruger and J. Pollmann",
   year = "1995",
   journal = "Phys. Rev. Lett.",
   title = "Quasiparticle Band Structure of CdS",
   volume = "75",
   pages = "3489"
}

@ARTICLE{Usuda04,
   author = "M. Usuda and H. Hamada and K. Siraishi and A. Oshiyama",
   year = "2004",
   journal = "Jpn. J. Appl. Phys. Lett. (part 2)",
   title = "Band structures of wurtzite {InN} and {Ga$_{1-x}$In$x$N} by all-electron {GW} calculation",
   volume = "43",
   pages = "L407",
   OPTpages = "L407-L410"
}

@Comment First introduction of V_CPP.  
@Comment Explicit calc. of core, then fit V_CPP to model form.  Done for Be and Sc.
@ARTICLE{Shirley91,
   author = "E. L. Shirley and L. Mit{\'a}s and R. M. Martin",
   year = "1991",
   journal = "Phys. Rev. B",
   title = "Core-valence partitioning and quasiparticle pseudopotentials",
   volume = "44",
   pages = "3395"
}

@ARTICLE{Shirley92,
   author = "E. L. Shirley and X. Zhu and S. G. Louie",
   year = "1992",
   journal = "Phys. Rev. Lett.",
   title = "Core polarization in semiconductors: {E}ffects on quasiparticle energies",
   volume = "69",
   pages = "2955"
}

@ARTICLE{Shirley93,
   author = "E. L. Shirley and R. M. Martin",
   year = "1993",
   journal = "Phys. Rev. B",
   title = "{GW} quasiparticle calculations in atoms",
   volume = "47",
   pages = "15404"
}

@ARTICLE{Shirley97,
   author = "E. L. Shirley and X. Zhu and S. G. Louie",
   year = "1997",
   journal = "Phys. Rev. B",
   title = "Core polarization in solids: {F}ormulation and application to semiconductors",
   volume = "56",
   pages = "6648"
}

@book{pines66,
  author =     {D. Pines and P. Nozieres},
  title =      {The Theory of Quantum Liquid. Vol I},
  publisher =  {W.A.Benjamin Inc., New York},
  year =       {1966}
}

@book{mahan90,
  author =     {G. D. Mahan},
  title =      {Many-Particle Physics},
  publisher =  {Plenum Press, New York},
  year =       {1990}
}

@article{rinke05,
  author={P. Rinke and A. Qteish and J. Neugebauer and C. Freysoldt and M. Scheffler},
  title={Combining {GW} calculations with exact-exchange density-functional theory: {A}n analysis of valence-band photoemission for compound semiconductors},
  journal={New J. Phys.},
  volume={7},
  pages={126},
  year={2005}
}

@ARTICLE{Kotani94,
   author = "T. Kotani",
   year = "1994",
   journal = "Phys. Rev. B",
   title = "Exact exchange potential band-structure calculations by the {LMTO-ASA} method: {MgO and CaO}",
   volume = "50",
   note  = "Phys. Rev. B51 13903(E)",
   pages = "14816"
}

@ARTICLE{Kotani96,
   author = "T. Kotani and H. Akai",
   year = "1996",
   journal = "Phys. Rev. B",
   title = "{KKR-ASA} method in exact exchange-potential band-structure calculations",
   volume = "54",
   pages = "16502"
}

@ARTICLE{Kotani98,
      author="T. Kotani",
      year="1998",
      title="Optimized effective potential method for solids with exact exchange  and exact {RPA} correlation",
      journal="J.Phys.: Condens. Matter",
      volume="10",
      pages="9241"
}

@ARTICLE{chantis06a,
author = {A. N. Chantis and M. van Schilfgaarde and T. Kotani},
collaboration = {},
title = {Ab Initio Prediction of Conduction Band Spin Splitting in Zinc Blende Semiconductors},
publisher = {APS},
year = {2006},
journal = {Phys. Rev. Lett.},
volume = {96},
OPTnumber = {8},
eid = {086405},
pages = {086405},
}

@ARTICLE{Bruneval05,
   author = "F. Bruneval and F. Sottile and F. Olevano and R. Del Sole and L. Reining",
   year = "2005",
   journal = "Phys. Rev. Lett.",
   title = "Many-body perturbation theory using the density-functional concept: {B}eyond the {GW} approximation",
   volume = "94",
   pages = "186402"
}

@ARTICLE{Marini02,
   author = "A. Marini and G. Onida and R. Del Sole",
   year = "2002",
   journal = "Phys. Rev. Lett.",
   title = "Quasiparticle Electronic Structure of Copper in the {GW} Approximation",
   volume = "88",
   pages = "016403"
}

@ARTICLE{Bruneval06,
   author = "F. Bruneval and F. Sottile and F. Olevano and L. Reining",
   year = "2006",
   journal = "J. Chem. Phys.",
   title = "Beyond time-dependent exact exchange: {T}he need for long-range correlation",
   volume = "124",
   pages = "144113"
}

@ARTICLE{Marini01,
   author = "A. Marini and G. Onida and R. del Sole",
   year = "2001",
   journal = "Phys. Rev. B",
   title = "Plane-wave DFT-LDA calculation of the electronic structure and absorption spectrum of copper",
   volume = "64",
   pages = "195125"
}

@Article{Marini01b,
  title = {Quasiparticle Electronic Structure of Copper in the {$GW$} Approximation},
  author = {Marini, Andrea  and Onida, Giovanni  and Del Sole, Rodolfo },
  journal = {Phys. Rev. Lett.},
  volume = {88},
  OPTnumber = {1},
  pages = {016403},
  numpages = {4},
  year = {2001},
  month = {Dec},
  doi = {10.1103/PhysRevLett.88.016403},
  publisher = {American Physical Society}
}

@Article{godby88,
  title = {Self-energy operators and exchange-correlation potentials in semiconductors},
  author = {Godby, R. W. and Schl\"{u}ter, M.  and Sham, L. J.},
  journal = {Phys. Rev. B},
  volume = {37},
  OPTnumber = {17},
  pages = {10159--10175},
  numpages = {16},
  year = {1988},
  month = {Jun},
  doi = {10.1103/PhysRevB.37.10159},
  publisher = {American Physical Society}
}
@Article{Gygi86,
  title = {Self-consistent {Hartree-Fock} and screened-exchange calculations in solids: {A}pplication to silicon},
  author = {Gygi, F.  and Baldereschi, A. },
  journal = {Phys. Rev. B},
  volume = {34},
  OPTnumber = {6},
  pages = {4405},
  OPTpages = {4405--4408},
  numpages = {3},
  year = {1986},
  month = {Sep},
  doi = {10.1103/PhysRevB.34.4405},
  publisher = {American Physical Society}
}

@Article{hahn05,
  title = {Molecular electronic excitations calculated from a solid-state approach: {M}ethodology and numerics},
  author = {Hahn, P. H. and Schmidt, W. G. and Bechstedt, F. },
  journal = {Phys. Rev. B},
  volume = {72},
  OPTnumber = {24},
  pages = {245425},
  numpages = {17},
  year = {2005},
  month = {Dec},
  doi = {10.1103/PhysRevB.72.245425},
  publisher = {American Physical Society}
}

@ARTICLE{dahlen04,
      author="Nils Erik Dahlen and Ulf von Barth ",
      year="2004",
      journal="Phys. Rev. B",
      volume="69",
      page="195102",
      title="Variational energy functionals tested on atoms"
}

@ARTICLE{ferdi02,
    author="F. Aryasetiawan and T. Miyake and K. Terakura",
    journal="Phys. Rev. Lett.",
    volume="88",
    page="166401",
    year="2002"
}

@Article{Miyake02,
  title = {Total energy of solids:\quad{}{A}n exchange and random-phase approximation correlation study},
  author = {Miyake, T.  and Aryasetiawan, F.  and Kotani, T.  and van Schilfgaarde, M.  and Usuda, M.  and Terakura, K. },
  journal = {Phys. Rev. B},
  volume = {66},
  OPTnumber = {24},
  pages = {245103},
  numpages = {4},
  year = {2002},
  month = {Dec},
  doi = {10.1103/PhysRevB.66.245103},
  publisher = {American Physical Society}
}

@ARTICLE{fukuda94,
   author=" R. Fukuda and T. Kotani and Y. Suzuki and S. Yokojima",
    year="1994",
    journal="Prog. Theor. Phys.",
    volume="92",
    pages="833",
    title="Density Functional Theory through Legendre Transformation"
}

@ARTICLE{almbladh99,
      author="C.-O.Almbladh, U. von Barth and R. van Leeuwen",
      year="1999",
      journal="Int. J. Mod. Phys. B",
      volume="13",
      page="535"
}

@ARTICLE{luttinger60,
      author="J. M. Luttinger",
      year="1960",
      journal="Phys. Rev.",
      volume="119",
      page="1153"
}

@ARTICLE{lw60,
      author="J. M. Luttinger and J. C. Ward",
      year="1960",
      journal="Phys. Rev.",
      volume="118",
      page="1417"
}

@ARTICLE{baym61,
      author="G. Baym and L. P. Kadanoff",
      year="1961",
      journal="Phys. Rev.",
      volume="124",
      page="287"
}


@ARTICLE{Garbuio06,
   author = "V. Garbuio and M. Cascella and L. Reining and R. Del Sole and O. Pulci",
   year = "2006",
   journal = "Phys. Rev. Lett.",
   title = "Ab Initio Calculation of Optical Spectra of Liquids: {M}any-Body Effects in the Electronic Excitations of Water",
   volume = "97",
   pages = "137402",
}

@ARTICLE{Arnaud06,
   author = "B. Arnaud and S. Lebegue and P. Rabiller and M. Alouani",
   year = "2006",
   journal = "Phys. Rev. Lett.",
   title = "Huge Excitonic Effects in Layered Hexagonal Boron Nitride",
   volume = "96",
   pages = "026402",
}

@ARTICLE{Seidl96,
   author = "A. Seidl and A. G{\"o}ring and P. Vogl and J. A. Majewski and M. Levy",
   year = "1996",
   journal = "Phys. Rev. B",
   title = "Generalized {Kohn-Sham} schemes and the band-gap problem",
   volume = "53",
   pages = "3764"
}

@ARTICLE{Zein06,
   author = "N. E. Zein and S. Y. Savrasov and G. Kotliar",
   year = "2006",
   journal = "Phys. Rev. Lett.",
   title = "Local Self-Energy Approach for Electronic Structure Calculations",
   volume = "96",
   pages = "226403"
}

@ARTICLE{Friedrich06,
   author = "C. Friedrich and A. Schindlmayr and S. Bl{\"u}gel and T. Kotani",
   year = "2006",
   journal = "Phys. Rev. B",
   title = "Elimination of the linearization error in {GW} calculations based on the linearized augmented-plane-wave method",
   volume = "74",
   pages = "045104"
}

@ARTICLE{Belashchenko06,
   author = "K. D. Belashchenko and V. P. Antropov and N. E. Zein",
   year = "2006",
   journal = "Phys. Rev. B",
   title = "Self-consistent local {GW} method: {A}pplication to 3d and 4d metals",
   volume = "73",
   pages = "073105"
}


@article{ishii2010,
author="S. Ishii and H. Maebashi and Y. Takada",
journal="arXiv",
pages="1003.3342",
year="2000"
}


@article{freysoldt_dielectric_2007,
	title = {Dielectric anisotropy in the {GW} space\UTF{2013}time method},
	volume = {176},
	issn = {0010-4655},
	url = {http://www.sciencedirect.com/science/article/pii/S0010465506003134},
	doi = {10.1016/j.cpc.2006.07.018},
	number = {1},
	urldate = {2012-11-02},
	journal = {Computer Physics Communications},
	author = {Freysoldt, Christoph and Eggert, Philipp and Rinke, Patrick and Schindlmayr, Arno and Godby, {R.W.} and Scheffler, Matthias},
	month = jan,
	year = {2007},
	keywords = {Anisotropic screening, Coulomb singularity, Dielectric function, {GW} approximation},
	pages = {1--13},
	file = {dielectrcGWanio.pdf:/home/takao/paper/dielectrcGWanio.pdf:application/pdf;ScienceDirect Snapshot:/home/takao/paper/storage/TQERNJT8/S0010465506003134.html:text/html}
}


@article{kotani_impact_2010,
	title = {Impact ionization rates for Si, {GaAs}, {InAs}, {ZnS}, and {GaN} in the {GW} approximation},
	volume = {81},
	issn = {1098-0121, 1550-{235X}},
	url = {http://link.aps.org/doi/10.1103/PhysRevB.81.125201},
	doi = {10.1103/PhysRevB.81.125201},
	number = {12},
	urldate = {2014-02-17},
	journal = {Physical Review B},
	author = {Kotani, Takao and van Schilfgaarde, Mark},
	month = mar,
	year = {2010},
	file = {e125201.pdf:/home/takao/paper/storage/2HPME44J/e125201.pdf:application/pdf}
}

@article{deng_hallmark_2012,
	title = {Hallmark of strong electronic correlations in {LaNiO\_\{3\}:} Photoemission kink and broadening of fully occupied bands},
	volume = {85},
	issn = {1098-0121, 1550-{235X}},
	shorttitle = {Hallmark of strong electronic correlations in {LaNiO\_\{3\}}},
	url = {http://link.aps.org/doi/10.1103/PhysRevB.85.125137},
	doi = {10.1103/PhysRevB.85.125137},
	number = {12},
	urldate = {2013-08-28},
	journal = {Physical Review B},
	author = {Deng, Xiaoyu and Ferrero, Michel and Mravlje, Jernej and Aichhorn, Markus and Georges, Antoine},
	month = mar,
	year = {2012},
	file = {e125137.pdf:/home/takao/paper/storage/MU3TFQ9P/e125137.pdf:application/pdf}
}

@article{christensen_electronic_2009,
	title = {Electronic and optical properties of {III-nitrides} under pressure},
	volume = {246},
	issn = {03701972, 15213951},
	url = {http://doi.wiley.com/10.1002/pssb.200880549},
	doi = {10.1002/pssb.200880549},
	number = {3},
	urldate = {2013-12-03},
	journal = {physica status solidi (b)},
	author = {Christensen, N. E. and Gorczyca, I. and Laskowski, R. and Svane, A. and Albers, R. C. and Chantis, A. N. and Kotani, T. and van Schilfgaarde, M.},
	month = mar,
	year = {2009},
	pages = {570--575},
	file = {570_ftp.pdf:/home/takao/paper/storage/W8K54ZRB/570_ftp.pdf:application/pdf}
}

@article{christensen_electronic_2010,
	title = {Electronic properties of {3R-CuAlO\_\{2\}} under pressure: Three theoretical approaches},
	volume = {81},
	issn = {1098-0121, 1550-{235X}},
	shorttitle = {Electronic properties of {3R-CuAlO\_\{2\}} under pressure},
	url = {http://link.aps.org/doi/10.1103/PhysRevB.81.045203},
	doi = {10.1103/PhysRevB.81.045203},
	number = {4},
	urldate = {2013-06-24},
	journal = {Physical Review B},
	author = {Christensen, N. E. and Svane, A. and Laskowski, R. and Palanivel, B. and Modak, P. and Chantis, A. N. and van Schilfgaarde, M. and Kotani, T.},
	month = jan,
	year = {2010},
	file = {PubDat_196388.pdf:/home/takao/paper/storage/9K2EQGQ6/PubDat_196388.pdf:application/pdf}
}

@article{svane_quasiparticle_2010,
	title = {Quasiparticle self-consistent {GW} theory of {III-V} nitride semiconductors: Bands, gap bowing, and effective masses},
	volume = {82},
	issn = {1098-0121, 1550-{235X}},
	url = {http://link.aps.org/doi/10.1103/PhysRevB.82.115102},
	doi = {10.1103/PhysRevB.82.115102},
	number = {11},
	urldate = {2013-07-02},
	journal = {Physical Review B},
	author = {Svane, A. and Christensen, N. E. and Gorczyca, I. and van Schilfgaarde, M. and Chantis, A. N. and Kotani, T.},
	month = sep,
	year = {2010},
	file = {PhysRevB.82.115102.pdf:/home/takao/paper/storage/2K432S4H/PhysRevB.82.115102.pdf:application/pdf}
}


@article{marzari_maximally_1997,
	title = {Maximally localized generalized Wannier functions for composite energy bands},
	volume = {56},
	url = {http://prb.aps.org/abstract/PRB/v56/i20/p12847_1},
	number = {20},
	urldate = {2014-02-17},
	journal = {Physical review B},
	author = {Marzari, Nicola and Vanderbilt, David},
	year = {1997},
	pages = {12847},
	file = {p12847_1.pdf:/home/takao/paper/storage/RJPPJ956/p12847_1.pdf:application/pdf}
}

@article{solovyev_1998,
  title = {Is Hund's Second Rule Responsible for the Orbital Magnetism in Solids?},
  author = {Solovyev, I. V. and Liechtenstein, A. I. and Terakura, K.},
  journal = {Phys. Rev. Lett.},
  volume = {80},
  issue = {26},
  pages = {5758--5761},
  numpages = {0},
  year = {1998},
  month = {Jun},
  publisher = {American Physical Society},
  doi = {10.1103/PhysRevLett.80.5758},
  url = {http://link.aps.org/doi/10.1103/PhysRevLett.80.5758}
}


@article{PhysRevB.84.205415,
  title = {All-electron <span class="aps-inline-formula"><math><mrow><mi>G</mi><mi>W</mi></mrow></math></span> methods implemented in molecular orbital space: Ionization energy and electron affinity of conjugated molecules},
  author = {Ke, San-Huang},
  journal = {Phys. Rev. B},
  volume = {84},
  issue = {20},
  pages = {205415},
  numpages = {6},
  year = {2011},
  month = {Nov},
  publisher = {American Physical Society},
  doi = {10.1103/PhysRevB.84.205415},
  url = {http://link.aps.org/doi/10.1103/PhysRevB.84.205415}
}

@article{PhysRevB.81.085103,
  title = {Fully self-consistent GW calculations for molecules},
  author = {Rostgaard, C. and Jacobsen, K. W. and Thygesen, K. S.},
  journal = {Phys. Rev. B},
  volume = {81},
  issue = {8},
  pages = {085103},
  numpages = {10},
  year = {2010},
  month = {Feb},
  publisher = {American Physical Society},
  doi = {10.1103/PhysRevB.81.085103},
  url = {http://link.aps.org/doi/10.1103/PhysRevB.81.085103}
}


@article{stan_fully_2006,
	title = {Fully self-consistent \textit{{GW}} calculations for atoms and molecules},
	volume = {76},
	issn = {0295-5075, 1286-4854},
	doi = {10.1209/epl/i2006-10266-6},
	number = {2},
	urldate = {2014-02-17},
	journal = {Europhysics Letters ({EPL)}},
	author = {Stan, A and Dahlen, N. E and Leeuwen, R. van},
	month = oct,
	year = {2006},
	pages = {298--304},
	file = {0295-5075_76_2_298.pdf:/home/takao/paper/storage/RX6SI4RE/0295-5075_76_2_298.pdf:application/pdf}
}

@article{arnaud_local-field_2001,
	title = {Local-field and excitonic effects in the calculated optical properties of semiconductors from first-principles},
	volume = {63},
	issn = {0163-1829, 1095-3795},
	url = {http://link.aps.org/doi/10.1103/PhysRevB.63.085208},
	doi = {10.1103/PhysRevB.63.085208},
	number = {8},
	urldate = {2013-05-13},
	journal = {Physical Review B},
	author = {Arnaud, B. and Alouani, M.},
	month = feb,
	year = {2001},
	file = {e085208.pdf:/home/takao/paper/storage/RT4IICSM/e085208.pdf:application/pdf}
}


@article{botti_strong_2013,
	title = {Strong Renormalization of the Electronic Band Gap due to Lattice Polarization in the {GW} Formalism},
	volume = {110},
	issn = {0031-9007, 1079-7114},
	url = {http://link.aps.org/doi/10.1103/PhysRevLett.110.226404},
	doi = {10.1103/PhysRevLett.110.226404},
	number = {22},
	urldate = {2014-02-17},
	journal = {Physical Review Letters},
	author = {Botti, Silvana and Marques, Miguel A. L.},
	month = may,
	year = {2013},
	file = {e226404.pdf:/home/takao/paper/storage/IQ3XW7E6/e226404.pdf:application/pdf}
}

@article{huang_electronic_2013,
	title = {Electronic band structure, phonons, and exciton binding energies of halide perovskites {CsSnCl\_\{3\}}, {CsSnBr\_\{3\}}, and {CsSnI\_\{3\}}},
	volume = {88},
	issn = {1098-0121, 1550-{235X}},
	url = {http://link.aps.org/doi/10.1103/PhysRevB.88.165203},
	doi = {10.1103/PhysRevB.88.165203},
	number = {16},
	urldate = {2014-02-17},
	journal = {Physical Review B},
	author = {Huang, Ling-yi and Lambrecht, Walter R. L.},
	month = oct,
	year = {2013},
	file = {e165203.pdf:/home/takao/paper/storage/JE2XMVUF/e165203.pdf:application/pdf}
}

@article{RevModPhys.68.13,
  title = {Dynamical mean-field theory of strongly correlated fermion systems and the limit of infinite dimensions},
  author = {Georges, Antoine and Kotliar, Gabriel and Krauth, Werner and Rozenberg, Marcelo J.},
  journal = {Rev. Mod. Phys.},
  volume = {68},
  issue = {1},
  pages = {13--125},
  numpages = {0},
  year = {1996},
  month = {Jan},
  publisher = {American Physical Society},
  doi = {10.1103/RevModPhys.68.13},
  url = {http://link.aps.org/doi/10.1103/RevModPhys.68.13}
}


@article{springer_first-principles_1998,
	title = {First-principles T-matrix theory with application to the 6 {eV} satellite in Ni},
	volume = {80},
	url = {http://prl.aps.org/abstract/PRL/v80/i11/p2389_1},
	number = {11},
	urldate = {2014-02-17},
	journal = {Physical review letters},
	author = {Springer, M. and Aryasetiawan, F. and Karlsson, K.},
	year = {1998},
	pages = {2389},
	file = {p2389_1.pdf:/home/takao/paper/storage/I7G6WJGK/p2389_1.pdf:application/pdf}
}

 
@article{cohen_insights_2008,
	title = {Insights into Current Limitations of Density Functional Theory},
	volume = {321},
	issn = {0036-8075, 1095-9203},
	url = {http://www.sciencemag.org/cgi/doi/10.1126/science.1158722},
	doi = {10.1126/science.1158722},
	number = {5890},
	urldate = {2014-02-17},
	journal = {Science},
	author = {Cohen, A. J. and Mori-Sanchez, P. and Yang, W.},
	month = aug,
	year = {2008},
	pages = {792--794},
	file = {792.full.pdf:/home/takao/paper/storage/VUFNA6MZ/792.full.pdf:application/pdf}
}

@article{sio2cgap,
	volume = {9},
	journal = {Solid State Communicaitons},
	author = {    T.H. DiStefano and D.E. Eastman},
	year = {1971},
	pages = {2259-2261},
}


@article{shinaoka,
	title = {Accuracy of downfolding based on the constrained random-phase approximation},
	author = {Shinaoka, Hiroshi and Troyer, Matthias and Werner, Philipp},
	journal = {Phys. Rev. B},
	volume = {91},
	issue = {24},
  	pages = {245156},
 	numpages = {12},
	year = {2015},
	month = {Jun},
	publisher = {American Physical Society},
	doi = {10.1103/PhysRevB.91.245156},
	url = {http://link.aps.org/doi/10.1103/PhysRevB.91.245156}
}

@article{nakamura-yoshimoto,
  title = {\textit{Ab initio}   two-dimensional multiband low-energy models of EtMe${}_{3}$Sb[Pd(dmit)${}_{2}$]${}_{2}$ and $\ensuremath{\kappa}$-(BEDT-TTF)${}_{2}$Cu(NCS)${}_{2}$ with comparisons to single-band models},
  author = {Nakamura, Kazuma and Yoshimoto, Yoshihide and Imada, Masatoshi},
  journal = {Phys. Rev. B},
  volume = {86},
  issue = {20},
  pages = {205117},
  numpages = {9},
  year = {2012},
  month = {Nov},
  publisher = {American Physical Society},
  doi = {10.1103/PhysRevB.86.205117},
  url = {http://link.aps.org/doi/10.1103/PhysRevB.86.205117}
}

@article{koretsune-hotta,
  title = {Evaluating model parameters of the $\ensuremath{\kappa}$- and ${\ensuremath{\beta}}^{\ensuremath{'}}$-type Mott insulating organic solids},
  author = {Koretsune, Takashi and Hotta, Chisa},
  journal = {Phys. Rev. B},
  volume = {89},
  issue = {4},
  pages = {045102},
  numpages = {6},
  year = {2014},
  month = {Jan},
  publisher = {American Physical Society},
  doi = {10.1103/PhysRevB.89.045102},
  url = {http://link.aps.org/doi/10.1103/PhysRevB.89.045102}
}

@article{ikeda-arita,
  title = {Phase diagram and gap anisotropy in iron-pnictide superconductors},
  author = {Ikeda, Hiroaki and Arita, Ryotaro and Kune\ifmmode \check{s}\else \v{s}\fi{}, Jan},
  journal = {Phys. Rev. B},
  volume = {81},
  issue = {5},
  pages = {054502},
  numpages = {15},
  year = {2010},
  month = {Feb},
  publisher = {American Physical Society},
  doi = {10.1103/PhysRevB.81.054502},
  url = {http://link.aps.org/doi/10.1103/PhysRevB.81.054502}
}

@article{casula,
  title = {Low-Energy Models for Correlated Materials: Bandwidth Renormalization from Coulombic Screening},
  author = {Casula, M. and Werner, Ph. and Vaugier, L. and Aryasetiawan, F. and Miyake, T. and Millis, A. J. and Biermann, S.},
  journal = {Phys. Rev. Lett.},
  volume = {109},
  issue = {12},
  pages = {126408},
  numpages = {5},
  year = {2012},
  month = {Sep},
  publisher = {American Physical Society},
  doi = {10.1103/PhysRevLett.109.126408},
  url = {http://link.aps.org/doi/10.1103/PhysRevLett.109.126408}
}

@article{kent,
  title = {Combined density functional and dynamical cluster quantum Monte Carlo calculations of the three-band Hubbard model for hole-doped cuprate superconductors},
  author = {Kent, P. R. C. and Saha-Dasgupta, T. and Jepsen, O. and Andersen, O. K. and Macridin, A. and Maier, T. A. and Jarrell, M. and Schulthess, T. C.},
  journal = {Phys. Rev. B},
  volume = {78},
  issue = {3},
  pages = {035132},
  numpages = {6},
  year = {2008},
  month = {Jul},
  publisher = {American Physical Society},
  doi = {10.1103/PhysRevB.78.035132},
  url = {http://link.aps.org/doi/10.1103/PhysRevB.78.035132}
}

@article{tsuchiizu,
  title = {Spin-triplet superconductivity in ${\mathrm{Sr}}_{2}{\mathrm{RuO}}_{4}$ due to orbital and spin fluctuations: Analyses by two-dimensional renormalization group theory and self-consistent vertex-correction method},
  author = {Tsuchiizu, Masahisa and Yamakawa, Youichi and Onari, Seiichiro and Ohno, Yusuke and Kontani, Hiroshi},
  journal = {Phys. Rev. B},
  volume = {91},
  issue = {15},
  pages = {155103},
  numpages = {8},
  year = {2015},
  month = {Apr},
  publisher = {American Physical Society},
  doi = {10.1103/PhysRevB.91.155103},
  url = {http://link.aps.org/doi/10.1103/PhysRevB.91.155103}
}

@article{sakakibara1,
  title = {Two-Orbital Model Explains the Higher Transition Temperature of the Single-Layer Hg-Cuprate Superconductor Compared to That of the La-Cuprate Superconductor},
  author = {Sakakibara, Hirofumi and Usui, Hidetomo and Kuroki, Kazuhiko and Arita, Ryotaro and Aoki, Hideo},
  journal = {Phys. Rev. Lett.},
  volume = {105},
  issue = {5},
  pages = {057003},
  numpages = {4},
  year = {2010},
  month = {Jul},
  publisher = {American Physical Society},
  doi = {10.1103/PhysRevLett.105.057003},
  url = {http://link.aps.org/doi/10.1103/PhysRevLett.105.057003}
}

@article{sakakibara2,
  title = {Origin of the material dependence of ${T}_{c}$ in the single-layered cuprates},
  author = {Sakakibara, Hirofumi and Usui, Hidetomo and Kuroki, Kazuhiko and Arita, Ryotaro and Aoki, Hideo},
  journal = {Phys. Rev. B},
  volume = {85},
  issue = {6},
  pages = {064501},
  numpages = {12},
  year = {2012},
  month = {Feb},
  publisher = {American Physical Society},
  doi = {10.1103/PhysRevB.85.064501},
  url = {http://link.aps.org/doi/10.1103/PhysRevB.85.064501}
}


@article{sakakibara3,
  title = {Orbital mixture effect on the Fermi-surface\char21{}${T}_{c}$ correlation in the cuprate superconductors: Bilayer vs. single layer},
  author = {Sakakibara, Hirofumi and Suzuki, Katsuhiro and Usui, Hidetomo and Miyao, Satoaki and Maruyama, Isao and Kusakabe, Koichi and Arita, Ryotaro and Aoki, Hideo and Kuroki, Kazuhiko},
  journal = {Phys. Rev. B},
  volume = {89},
  issue = {22},
  pages = {224505},
  numpages = {6},
  year = {2014},
  month = {Jun},
  publisher = {American Physical Society},
  doi = {10.1103/PhysRevB.89.224505},
  url = {http://link.aps.org/doi/10.1103/PhysRevB.89.224505}
}

@article{misawa,
  title = {Superconductivity and its mechanism in an {\it ab initio} model for electron-doped LaFeAsO},
  author = {Misawa, Takahiro and Imada, Masatoshi},
  journal = {Nature Communications},
  volume = {5},
  issue = {5738},
  pages = {6738},
  numpages = {11},
  year = {2014},
  month = {Dec},
  doi = {10.1038/ncomms6738},
  url = {http://www.nature.com/ncomms/2014/141222/ncomms6738/abs/ncomms6738.html5}
}


@article{LAOLNO1,
  title = {Orbital Order and Possible Superconductivity in ${\mathrm{LaNiO}}_{3}/{\mathrm{LaMO}}_{3}$ Superlattices},
  author = {Chaloupka, Ji\ifmmode \check{r}\else \v{r}\fi{}\'{\i} and Khaliullin, Giniyat},
  journal = {Phys. Rev. Lett.},
  volume = {100},
  issue = {1},
  pages = {016404},
  numpages = {4},
  year = {2008},
  month = {Jan},
  publisher = {American Physical Society},
  doi = {10.1103/PhysRevLett.100.016404},
  url = {http://link.aps.org/doi/10.1103/PhysRevLett.100.016404}
}

@article{LAOLNO2,
  title = {Turning a Nickelate Fermi Surface into a Cupratelike One through Heterostructuring},
  author = {Hansmann, P. and Yang, Xiaoping and Toschi, A. and Khaliullin, G. and Andersen, O. K. and Held, K.},
  journal = {Phys. Rev. Lett.},
  volume = {103},
  issue = {1},
  pages = {016401},
  numpages = {4},
  year = {2009},
  month = {Jun},
  publisher = {American Physical Society},
  doi = {10.1103/PhysRevLett.103.016401},
  url = {http://link.aps.org/doi/10.1103/PhysRevLett.103.016401}
}


@article{seo,
  title = {First-principles study of hydrogen-bonded molecular conductor $\ensuremath{\kappa}-{\mathrm{H}}_{3}{(\text{Cat}-\text{EDT}-\text{TTF}/\text{ST})}_{2}$},
  author = {Tsumuraya, Takao and Seo, Hitoshi and Kato, Reizo and Miyazaki, Tsuyoshi},
  journal = {Phys. Rev. B},
  volume = {92},
  issue = {3},
  pages = {035102},
  numpages = {9},
  year = {2015},
  month = {Jul},
  publisher = {American Physical Society},
  doi = {10.1103/PhysRevB.92.035102},
  url = {http://link.aps.org/doi/10.1103/PhysRevB.92.035102}
}

@article{sr2vo4,
  title = {${\mathrm{Sr}}_{2}\mathrm{V}{\mathrm{O}}_{4}$ and ${\mathrm{Ba}}_{2}\mathrm{V}{\mathrm{O}}_{4}$ under pressure: An orbital switch and potential ${d}^{1}$ superconductor},
  author = {Arita, R. and Yamasaki, A. and Held, K. and Matsuno, J. and Kuroki, K.},
  journal = {Phys. Rev. B},
  volume = {75},
  issue = {17},
  pages = {174521},
  numpages = {5},
  year = {2007},
  month = {May},
  publisher = {American Physical Society},
  doi = {10.1103/PhysRevB.75.174521},
  url = {http://link.aps.org/doi/10.1103/PhysRevB.75.174521}
}


@article {nomura1,
	author = {Nomura, Yusuke and Sakai, Shiro and Capone, Massimo and Arita, Ryotaro},
	title = {Unified understanding of superconductivity and Mott transition in alkali-doped fullerides from first principles},
	volume = {1},
	number = {7},
	year = {2015},
	doi = {10.1126/sciadv.1500568},
	publisher = {American Association for the Advancement of Science},
	URL = {http://advances.sciencemag.org/content/1/7/e1500568},
	eprint = {http://advances.sciencemag.org/content/1/7/e1500568.full.pdf},
	journal = {Science Advances}
}

@article{nomura2,
  title = {Effective on-site interaction for dynamical mean-field theory},
  author = {Nomura, Yusuke and Kaltak, Merzuk and Nakamura, Kazuma and Taranto, Ciro and Sakai, Shiro and Toschi, Alessandro and Arita, Ryotaro and Held, Karsten and Kresse, Georg and Imada, Masatoshi},
  journal = {Phys. Rev. B},
  volume = {86},
  issue = {8},
  pages = {085117},
  numpages = {8},
  year = {2012},
  month = {Aug},
  publisher = {American Physical Society},
  doi = {10.1103/PhysRevB.86.085117},
  url = {http://link.aps.org/doi/10.1103/PhysRevB.86.085117}
}



@article{frg,
  title = {Low-energy effective interactions beyond the constrained random-phase approximation by the functional renormalization group},
  author = {Kinza, Michael and Honerkamp, Carsten},
  journal = {Phys. Rev. B},
  volume = {92},
  issue = {4},
  pages = {045113},
  numpages = {15},
  year = {2015},
  month = {Jul},
  publisher = {American Physical Society},
  doi = {10.1103/PhysRevB.92.045113},
  url = {http://link.aps.org/doi/10.1103/PhysRevB.92.045113}
}

@article{sun,
  title = {Many-Body Approximation Scheme beyond GW},
  author = {Sun, Ping and Kotliar, Gabriel},
  journal = {Phys. Rev. Lett.},
  volume = {92},
  issue = {19},
  pages = {196402},
  numpages = {4},
  year = {2004},
  month = {May},
  publisher = {American Physical Society},
  doi = {10.1103/PhysRevLett.92.196402},
  url = {http://link.aps.org/doi/10.1103/PhysRevLett.92.196402}
}

@article{nakamura-arita,
author = { Kazuma Nakamura and  Ryotaro Arita and  Masatoshi Imada},
title = {Ab initio Derivation of Low-Energy Model for Iron-Based Superconductors LaFeAsO and LaFePO},
journal = {Journal of the Physical Society of Japan},
volume = {77},
number = {9},
pages = {093711},
year = {2008},
doi = {10.1143/JPSJ.77.093711},
URL = {http://dx.doi.org/10.1143/JPSJ.77.093711},
eprint = {http://dx.doi.org/10.1143/JPSJ.77.093711},

}

@article{nakamura-nohara,
author = { Kazuma Nakamura and  Yoshihide Yoshimoto and  Yoshiro Nohara and  Masatoshi Imada},
title = {Ab initio Low-Dimensional Physics Opened Up by Dimensional Downfolding: Application to LaFeAsO},
journal = {Journal of the Physical Society of Japan},
volume = {79},
number = {12},
pages = {123708},
year = {2010},
doi = {10.1143/JPSJ.79.123708},

URL = { 
        http://dx.doi.org/10.1143/JPSJ.79.123708
},
eprint = { 
        http://dx.doi.org/10.1143/JPSJ.79.123708
}

}

@article{tohyama,
  title = {Orbital-selective electronic excitations in iron arsenides revealed by simulated nonresonant inelastic x-ray scattering},
  author = {Tsutsui, Kenji and Kaneshita, Eiji and Tohyama, Takami},
  journal = {Phys. Rev. B},
  volume = {92},
  issue = {19},
  pages = {195103},
  numpages = {5},
  year = {2015},
  month = {Nov},
  publisher = {American Physical Society},
  doi = {10.1103/PhysRevB.92.195103},
  url = {http://link.aps.org/doi/10.1103/PhysRevB.92.195103}
}

@article{watanabe,
  title = {Monte Carlo Study of an Unconventional Superconducting Phase in Iridium Oxide ${J}_{\mathrm{eff}}\mathbf{=}1/2$ Mott Insulators Induced by Carrier Doping},
  author = {Watanabe, Hiroshi and Shirakawa, Tomonori and Yunoki, Seiji},
  journal = {Phys. Rev. Lett.},
  volume = {110},
  issue = {2},
  pages = {027002},
  numpages = {5},
  year = {2013},
  month = {Jan},
  publisher = {American Physical Society},
  doi = {10.1103/PhysRevLett.110.027002},
  url = {http://link.aps.org/doi/10.1103/PhysRevLett.110.027002}
}

@article{dmft1,
  title = {Dynamical mean-field theory using Wannier functions: A flexible route to electronic structure calculations of strongly correlated materials},
  author = {Lechermann, F. and Georges, A. and Poteryaev, A. and Biermann, S. and Posternak, M. and Yamasaki, A. and Andersen, O. K.},
  journal = {Phys. Rev. B},
  volume = {74},
  issue = {12},
  pages = {125120},
  numpages = {26},
  year = {2006},
  month = {Sep},
  publisher = {American Physical Society},
  doi = {10.1103/PhysRevB.74.125120},
  url = {http://link.aps.org/doi/10.1103/PhysRevB.74.125120}
}

@article{dmft2,
  title = {Mott Transition and Suppression of Orbital Fluctuations in Orthorhombic $3{d}^{1}$ Perovskites},
  author = {Pavarini, E. and Biermann, S. and Poteryaev, A. and Lichtenstein, A. I. and Georges, A. and Andersen, O. K.},
  journal = {Phys. Rev. Lett.},
  volume = {92},
  issue = {17},
  pages = {176403},
  numpages = {4},
  year = {2004},
  month = {Apr},
  publisher = {American Physical Society},
  doi = {10.1103/PhysRevLett.92.176403},
  url = {http://link.aps.org/doi/10.1103/PhysRevLett.92.176403}
}

@article{dmft3,
  title = {Finite-Temperature Magnetism of Transition Metals: An     \textit{ab initio}   Dynamical Mean-Field Theory},
  author = {Lichtenstein, A. I. and Katsnelson, M. I. and Kotliar, G.},
  journal = {Phys. Rev. Lett.},
  volume = {87},
  issue = {6},
  pages = {067205},
  numpages = {4},
  year = {2001},
  month = {Jul},
  publisher = {American Physical Society},
  doi = {10.1103/PhysRevLett.87.067205},
  url = {http://link.aps.org/doi/10.1103/PhysRevLett.87.067205}
}


@article{dmft0,
  title = {Dynamical mean-field theory of strongly correlated fermion systems and the limit of infinite dimensions},
  author = {Georges, Antoine and Kotliar, Gabriel and Krauth, Werner and Rozenberg, Marcelo J.},
  journal = {Rev. Mod. Phys.},
  volume = {68},
  issue = {1},
  pages = {13--125},
  numpages = {0},
  year = {1996},
  month = {Jan},
  publisher = {American Physical Society},
  doi = {10.1103/RevModPhys.68.13},
  url = {http://link.aps.org/doi/10.1103/RevModPhys.68.13}
}

@article{self-screening,
  title = {$GW$ approximation with self-screening correction},
  author = {Aryasetiawan, F. and Sakuma, R. and Karlsson, K.},
  journal = {Phys. Rev. B},
  volume = {85},
  issue = {3},
  pages = {035106},
  numpages = {8},
  year = {2012},
  month = {Jan},
  publisher = {American Physical Society},
  doi = {10.1103/PhysRevB.85.035106},
  url = {http://link.aps.org/doi/10.1103/PhysRevB.85.035106}
}

@article{QMC,
  title = {Monte Carlo simulation of a many-fermion study},
  author = {Ceperley, D. and Chester, G. V. and Kalos, M. H.},
  journal = {Phys. Rev. B},
  volume = {16},
  issue = {7},
  pages = {3081--3099},
  numpages = {0},
  year = {1977},
  month = {Oct},
  publisher = {American Physical Society},
  doi = {10.1103/PhysRevB.16.3081},
  url = {http://link.aps.org/doi/10.1103/PhysRevB.16.3081}
}


@ARTICLE{terakura84,
   author = "K. Terakura and T. Oguchi and A. R. Williams and J. K{\"u}bler",
   year = "1984",
   journal = "Phys. Rev. B",
   volume = "30",
   pages = "4734"
}


@article{FLEX,
  title = {Conserving Approximations for Strongly Correlated Electron Systems: Bethe-Salpeter Equation and Dynamics for the Two-Dimensional Hubbard Model},
  author = {Bickers, N. E. and Scalapino, D. J. and White, S. R.},
  journal = {Phys. Rev. Lett.},
  volume = {62},
  issue = {8},
  pages = {961--964},
  numpages = {0},
  year = {1989},
  month = {Feb},
  publisher = {American Physical Society},
  doi = {10.1103/PhysRevLett.62.961},
  url = {http://link.aps.org/doi/10.1103/PhysRevLett.62.961}
}

@article{swj-crpa,
  title = {Direct theoretical evidence for weaker correlations in electron-doped and Hg-based hole-doped cuprates
},
	journal = {arXiv:1510.07479},
	author = {Jang, Seung Woo and Kotani, Takao and Kino, Hiori and Kuroki, Kazuhiko and Han, Myung Joon},
}

@article{LaNiO3-LaAlO3,
  title = {Turning a Nickelate Fermi Surface into a Cupratelike One through Heterostructuring},
  author = {Hansmann, P. and Yang, Xiaoping and Toschi, A. and Khaliullin, G. and Andersen, O. K. and Held, K.},
  journal = {Phys. Rev. Lett.},
  volume = {103},
  issue = {1},
  pages = {016401},
  numpages = {4},
  year = {2009},
  month = {Jun},
  publisher = {American Physical Society},
  doi = {10.1103/PhysRevLett.103.016401},
  url = {http://link.aps.org/doi/10.1103/PhysRevLett.103.016401}
}


@article{onari,
  title = {Self-consistent Vertex Correction Analysis for Iron-based Superconductors: Mechanism of Coulomb Interaction-Driven Orbital Fluctuations},
  author = {Onari, Seiichiro and Kontani, Hiroshi},
  journal = {Phys. Rev. Lett.},
  volume = {109},
  issue = {13},
  pages = {137001},
  numpages = {5},
  year = {2012},
  month = {Sep},
  publisher = {American Physical Society},
  doi = {10.1103/PhysRevLett.109.137001},
  url = {http://link.aps.org/doi/10.1103/PhysRevLett.109.137001}
}


